% Encoding: UTF-8

@Article{Tchinda2008,
  author  = {R\'{e}n\'{e} Tchinda},
  title   = {Thermal behaviour of solar air heater with compound parabolic concentrator},
  journal = {Energy Conversion \& Management},
  year    = {2008},
  volume  = {49},
  pages   = {529--540},
  doi     = {10.1016/j.enconman.2007.08.004},
  file    = {:C\:/Users/ferna/Google Drive/PhD/Research/Literature/Journals, Proceedings and Reviews/Energy Conversion and Management/Thermal behaviour of solar air heater with compound parabolic concentrator.pdf:PDF},
}

@PhdThesis{Shams2013,
  author      = {Nassif Shams},
  date        = {2013},
  institution = {Dublin Institute of Technology. Dublin, Ireland},
  title       = {Design of a Transpired Air Heating Solar Collector with an Inverted Perforated Absorber and Asymmetric Compound Parabolic Concentrator},
  doi         = {10.21427/D7NK67},
  type        = {PhD Thesis},
  file        = {:C\:/Users/ferna/Google Drive/PhD/Research/Literature/Thesis/Design of a Transpired Air Heating Solar Collector with an Invert Perforated Absorber and Asymmetric Compound Parabolic Concentrator.pdf:PDF},
}

@Book{Duffie2013,
  title     = {Solar Engineering of Thermal Processes},
  publisher = {John Wiley \& Sons, Inc.},
  year      = {2013},
  author    = {John A. Duffie and William A. Beckman},
  edition   = {4},
  isbn      = {978-0-470-87366-3},
  file      = {:C\:/Users/ferna/Google Drive/PhD/Research/Literature/Books, Chapters and Reports/Solar Engineering of Thermal Processes 4th Edition.pdf:PDF},
}

@Book{Goswami2015,
  title     = {Principles of Solar Engineering},
  publisher = {CRC Press},
  year      = {2015},
  author    = {D. Yogi Goswami},
  editor    = {Taylor \& Francis Group},
  edition   = {3},
  isbn      = {9781466563780},
  file      = {:C\:/Users/ferna/Google Drive/PhD/Research/Literature/Books, Chapters and Reports/[Goswami,_D._Yogi]_Principles_of_Solar_Engineering.pdf:PDF},
}

@Book{Cengel2005,
  title     = {Fundamentals of Thermal-Fluid Sciences},
  publisher = {McGraw-Hill},
  year      = {2004},
  author    = {Yunus A. Cengel and Robert H. Turner},
  edition   = {2},
  isbn      = {0-07-245426-1},
  file      = {:C\:/Users/ferna/Google Drive/PhD/Research/Literature/Fundamentals of Thermal Fluid Sciences - Cengel and Turner.pdf:PDF},
}

@Article{Rabl1976,
  author  = {Ari Rabl},
  title   = {Optical and Thermal Properties of Compound Parabolic Concentrators},
  journal = {Solar Energy},
  year    = {1976},
  volume  = {18},
  number  = {6},
  pages   = {497--511},
  doi     = {10.1016/0038-092x(76)90069-4},
  file    = {:C\:/Users/ferna/Google Drive/PhD/Research/Literature/Journals, Proceedings and Reviews/Solar Energy 2/Check - OPTICAL AND THERMAL PROPERTIES OF COMPOUND PARABOLIC CONCENTRATORS.pdf:PDF},
}

@Article{Kutscher1994,
  author  = {C. F. Kutscher},
  title   = {Heat Exchange Effectiveness and Pressure Drop for Air Flow Through Perforated Plates with and without Crosswind},
  journal = {Journal of Heat Transfer},
  year    = {1994},
  volume  = {116},
  number  = {2},
  pages   = {391--399},
  doi     = {10.1115/1.2911411},
  file    = {:C\:/Users/ferna/Google Drive/PhD/Research/Literature/Journals, Proceedings and Reviews/General Journals/Heat Exchange Effectiveness and Pressure Drop for Air Flow Through Perforated Plates With and Without Crosswind.pdf:PDF},
}

@Article{Assari2011,
  author    = {Assari, M. R. and Tabrizi, H. Basirat and Jafari, I.},
  title     = {Experimental and theoretical investigation of dual purpose solar collector},
  journal   = {Solar Energy},
  year      = {2011},
  volume    = {85},
  number    = {3},
  pages     = {601--608},
  doi       = {10.1016/j.solener.2011.01.006},
  file      = {:C\:/Users/ferna/Google Drive/PhD/Research/Literature/Journals, Proceedings and Reviews/Solar Energy 3/Experimental and theoretical investigation of dual purpose solar collector.pdf:PDF},
  publisher = {Elsevier {BV}},
}

@Article{Harmim2012,
  author    = {A. Harmim and M. Merzouk and M. Boukar and M. Amar},
  title     = {Mathematical modeling of a box-type solar cooker employing an asymmetric compound parabolic concentrator},
  journal   = {Solar Energy},
  year      = {2012},
  volume    = {86},
  number    = {6},
  pages     = {1673--1682},
  doi       = {10.1016/j.solener.2012.03.020},
  file      = {:C\:/Users/ferna/Google Drive/PhD/Research/Literature/Journals, Proceedings and Reviews/Solar Energy 1/Mathematical modeling of a box-type solar cooker employing an asymmetric compound parabolic concentrator.pdf:PDF},
  publisher = {Elsevier {BV}},
}

@Book{Incropera2006,
  author    = {Frank P. Incropera and David P. DeWitt and Theodore L. Bergman and Adrienne S. Lavine},
  date      = {2006},
  title     = {Fundamentals of Heat and Mass Transfer},
  edition   = {6},
  isbn      = {978-0471457282},
  publisher = {John Wiley \& Sons},
}

@Book{Hoffman2001,
  title     = {Numerical Methods For Engineers And Scientists},
  publisher = {Marcel Dekker},
  year      = {2001},
  author    = {Joe D. Hoffman},
  address   = {New York, USA},
  edition   = {2},
  isbn      = {0-8247-0443-6},
}

@Article{Prapas1987,
  author    = {Prapas, D. E. and Norton, B. and Probert, S. D.},
  title     = {Optics of parabolic-trough, solar-energy collectors, possessing small concentration ratios},
  journal   = {Solar Energy},
  year      = {1987},
  volume    = {39},
  number    = {6},
  pages     = {541--550},
  doi       = {10.1016/0038-092x(87)90061-2},
  file      = {:C\:/Users/ferna/Google Drive/PhD/Research/Literature/Journals, Proceedings and Reviews/Solar Energy 2/OPTICS OF PARABOLIC-TROUGH, SOLAR-ENERGY COLLECTORS, POSSESSING SMALL CONCENTRATION RATIOS.pdf:PDF},
  publisher = {Elsevier {BV}},
}

@Article{Kothdiwala1997,
  author    = {Kothdiwala, A. F. and Eames, P. C. and Norton, B.},
  title     = {Experimental analysis and performance of an asymmetric inverted absorber compound parabolic concentrating solar collector at various absorber gap configurations},
  journal   = {Renewable Energy},
  year      = {1997},
  volume    = {10},
  number    = {2-3},
  pages     = {235--238},
  doi       = {10.1016/0960-1481(96)00071-7},
  file      = {:C\:/Users/ferna/GOOGLE~1/PhD/Research/LITERA~1/JOURNA~1/RENEWA~1/CHECK-~1.PDF:PDF},
  publisher = {Elsevier {BV}},
}

@Article{Smyth2005,
  author    = {Smyth, M. and McGarrigle, P. and Eames, P. C. and Norton, B.},
  title     = {Experimental comparison of alternative convection suppression arrangements for concentrating integral collector storage solar water heaters},
  journal   = {Solar Energy},
  year      = {2005},
  volume    = {78},
  number    = {2},
  pages     = {223--233},
  doi       = {10.1016/j.solener.2004.06.004},
  file      = {:C\:/Users/ferna/Google Drive/PhD/Research/Literature/Journals, Proceedings and Reviews/Solar Energy 2/Experimental comparison of alternative convection suppression arrangements for concentrating integral collector storage solar water heaters.pdf:PDF},
  publisher = {Elsevier {BV}},
}

@Article{Kothdiwala1999,
  author    = {Kothdiwala, A. F. and Eames, P. C. and Norton, B. and Zacharopolous, A.},
  title     = {Technical note: Comparison between inverted absorber asymmetric and symmetric tubular-absorber compound parabolic concentrating solar collectors},
  journal   = {Renewable Energy},
  year      = {1999},
  volume    = {18},
  number    = {2},
  pages     = {277--281},
  doi       = {10.1016/s0960-1481(98)00786-1},
  file      = {:C\:/Users/ferna/Google Drive/PhD/Research/Literature/Journals, Proceedings and Reviews/Renewable Energy/Check - Comparison between inverted absorber asymmetric and symmetric tubular absorber compound parabolic concentrating solar collectors.pdf:PDF},
  publisher = {Elsevier {BV}},
}

@Article{Kothdiwala1996,
  author    = {Kothdiwala, A. Farouk and Eames, P. C. and Norton, B.},
  title     = {Optical performance of an asymmetric inverted absorber compound parabolic concentrating solar collector},
  journal   = {Renewable Energy},
  year      = {1996},
  volume    = {9},
  number    = {1-4},
  pages     = {576--579},
  doi       = {10.1016/0960-1481(96)88355-8},
  file      = {:C\:/Users/ferna/Google Drive/PhD/Research/Literature/From Brian Norton/Check - OPTICAL PERFORMANCE OF AN ASYMMETRIC INVERTED ABSORBER COMPOUND PARABOLIC CONCENTRATING SOLAR COLLECTOR.pdf:PDF},
  publisher = {Elsevier {BV}},
}

@Article{Eames1996,
  author    = {Eames, P. C. and Norton, B. and Kothdiwala, A. F.},
  title     = {The state of the art in modelling line-axis concentrating solar energy collectors},
  journal   = {Renewable Energy},
  year      = {1996},
  volume    = {9},
  number    = {1-4},
  pages     = {562--567},
  doi       = {10.1016/0960-1481(96)88352-2},
  file      = {:C\:/Users/ferna/Google Drive/PhD/Research/Literature/From Brian Norton/Check - THE STATE OF THE ART IN MODELLING LINE-AXIS CONCENTRATING SOLAR ENERGY COLLECTORS.pdf:PDF},
  publisher = {Elsevier {BV}},
}

@Article{Shams2016,
  author    = {Shams, S. M. N. and Keever, M. Mc and Cormack, S. Mc and Norton, B.},
  title     = {Design and experiment of a new solar air heating collector},
  journal   = {Energy},
  year      = {2016},
  volume    = {100},
  pages     = {374--383},
  doi       = {10.1016/j.energy.2015.12.136},
  file      = {:C\:/Users/ferna/Google Drive/PhD/Research/Literature/Journals, Proceedings and Reviews/Energy/Design and experiment of a new solar air heating collector.pdf:PDF},
  publisher = {Elsevier {BV}},
}

@Article{Norton1991,
  author    = {B. Norton and P. C. Eames and Y. P. Yadav},
  title     = {Symmetric and asymmetric linear compound parabolic concentrating solar energy collectors: The state-of-the-art in optical and thermo-physical analysis},
  journal   = {International Journal of Ambient Energy},
  year      = {1991},
  volume    = {12},
  number    = {4},
  pages     = {171--190},
  doi       = {10.1080/01430750.1991.9675201},
  file      = {:C\:/Users/ferna/Google Drive/PhD/Research/Literature/From Brian Norton/Symmetric and asymmetric linear compound parabolic concentrating solar energy collectors The state-of-the-art in optical and thermo-physical analysis.pdf:PDF},
  publisher = {Informa {UK} Limited},
}

@Book{Duffy2016,
  title     = {Advanced Engineering Mathematics with MATLAB},
  publisher = {Chapman and Hall/CRC},
  year      = {2016},
  author    = {Dean G. Duffy},
  edition   = {4},
  isbn      = {9781498739641},
}

@Book{Winston2005,
  title     = {Nonimaging Optics},
  publisher = {Academic Press},
  year      = {2005},
  author    = {Roland Winston and Juan C. Minano and Pablo G. Benitez},
  isbn      = {0-12-759751-4},
  doi       = {10.1016/B978-0-12-759751-5.X5000-3},
  file      = {:C\:/Users/ferna/Google Drive/PhD/Research/Literature/Books, Chapters and Reports/High Collection Nonimaging Optics.pdf:PDF},
}

@Article{Zacharopoulos2000,
  author    = {Zacharopoulos, A. and Eames, P. C. and McLarnon, D. and Norton, B.},
  title     = {Linear Dielectric Non-Imaging Concentrating Covers For {PV} Integrated Building Facades},
  journal   = {Solar Energy},
  year      = {2000},
  volume    = {68},
  number    = {5},
  pages     = {439--452},
  doi       = {10.1016/s0038-092x(00)00013-x},
  file      = {:C\:/Users/ferna/Google Drive/PhD/Research/Literature/Journals, Proceedings and Reviews/Solar Energy 2/LINEAR DIELECTRIC NON-IMAGING CONCENTRATING COVERS FOR PV INTEGRATED BUILDING FACADES.pdf:PDF},
  publisher = {Elsevier {BV}},
}

@Article{Sellami2013,
  author    = {Nazmi Sellami and Tapas K. Mallick},
  title     = {Optical efficiency study of {PV} Crossed Compound Parabolic Concentrator},
  journal   = {Applied Energy},
  year      = {2013},
  volume    = {102},
  pages     = {868--876},
  doi       = {10.1016/j.apenergy.2012.08.052},
  file      = {:C\:/Users/ferna/Google Drive/PhD/Research/Literature/Journals, Proceedings and Reviews/Applied Energy/Optical efficiency study of PV Crossed Compound Parabolic Concentrator.pdf:PDF},
  publisher = {Elsevier {BV}},
}

@Article{Alta2010,
  author    = {Deniz Alta and Emin Bilgili and C. Ertekin and Osman Yaldiz},
  title     = {Experimental investigation of three different solar air heaters: Energy and exergy analyses},
  journal   = {Applied Energy},
  year      = {2010},
  volume    = {87},
  number    = {10},
  pages     = {2953--2973},
  doi       = {10.1016/j.apenergy.2010.04.016},
  file      = {:C\:/Users/ferna/Google Drive/PhD/Research/Literature/Journals, Proceedings and Reviews/Applied Energy/Experimental investigation of three different solar air heaters Energy and exergy analyses.pdf:PDF},
  publisher = {Elsevier {BV}},
}

@Book{Lewis2004,
  title     = {Fundamentals of the Finite Element Method for Heat and Fluid Flow},
  publisher = {Wiley},
  year      = {2004},
  author    = {Roland W. Lewis and Perumal Nithiarasu and Kankanhalli N. Seetharamu},
  isbn      = {0-470-84788-3},
  doi       = {10.1002/0470014164},
  file      = {:C\:/Users/ferna/Google Drive/PhD/Research/Literature/Books, Chapters and Reports/Fundamentals of the Finite Element Method for Heat and Fluid Flow.pdf:PDF},
}

@Article{Sarmah2011,
  author    = {Nabin Sarmah and Bryce S. Richards and Tapas K. Mallick},
  title     = {Evaluation and optimization of the optical performance of low-concentrating dielectric compound parabolic concentrator using ray-tracing methods},
  journal   = {Applied Optics},
  year      = {2011},
  volume    = {50},
  number    = {19},
  pages     = {3303--3310},
  doi       = {10.1364/ao.50.003303},
  file      = {:C\:/Users/ferna/Google Drive/PhD/Research/Literature/Journals, Proceedings and Reviews/General Journals/Evaluation and optimization of the optical performance of low concentrating dielectric compound parabolic concentrator using ray tracing methods.pdf:PDF},
  publisher = {The Optical Society},
}

@Article{Norton2006,
  author    = {Brian Norton},
  title     = {Anatomy of a solar collector},
  journal   = {Refocus},
  year      = {2006},
  volume    = {7},
  number    = {3},
  pages     = {32--35},
  doi       = {10.1016/s1471-0846(06)70570-4},
  file      = {:C\:/Users/ferna/Google Drive/PhD/Research/Literature/From Brian Norton/Anatomy of a solar collector.pdf:PDF},
  publisher = {Elsevier {BV}},
}

@InCollection{Norton2012,
  author    = {B. Norton},
  title     = {Industrial and Agricultural Applications of Solar Heat},
  booktitle = {Comprehensive Renewable Energy},
  publisher = {Elsevier},
  year      = {2012},
  pages     = {567--594},
  doi       = {10.1016/b978-0-08-087872-0.00317-6},
  file      = {:C\:/Users/ferna/Google Drive/PhD/Research/Literature/From Brian Norton/Industrial and Agricultural Applications of Solar Heat.pdf:PDF},
}

@Article{Norton1997,
  author    = {B. Norton and P. C. Eames and Y. P. Yadav and P. W. Griffiths},
  title     = {Inverted absorber solar concentrators for rural applications},
  journal   = {International Journal of Ambient Energy},
  year      = {1997},
  volume    = {18},
  number    = {3},
  pages     = {115--120},
  doi       = {10.1080/01430750.1997.9675269},
  file      = {:C\:/Users/ferna/Google Drive/PhD/Research/Literature/From Brian Norton/Inverted Absorbed Solar Concentrators for Rural Applications.pdf:PDF},
  publisher = {Informa {UK} Limited},
}

@PhdThesis{Wu2009,
  author      = {Yupeng Wu},
  date        = {2009},
  institution = {University of Warwick. Warwick, UK},
  title       = {Thermal Management of Concentrator Photovoltaics},
  type        = {PhD Thesis},
  url         = {http://go.warwick.ac.uk/wrap/3218},
  file        = {:C\:/Users/ferna/Google Drive/PhD/Research/Literature/Thesis/Thermal Management of Concentrator Photovoltaics.pdf:PDF},
}

@MastersThesis{Saleh2012,
  author  = {Ahmad Saleh},
  title   = {Modeling of flat-plate solar collector operation in transient states},
  school  = {Purdue University},
  year    = {2012},
  address = {Fort Wayne, USA},
  file    = {:C\:/Users/ferna/Google Drive/PhD/Research/Literature/Thesis/MODELING OF FLAT-PLATE SOLAR COLLECTOR OPERATION IN TRANSIENT STATES.pdf:PDF},
  url     = {https://docs.lib.purdue.edu/dissertations/AAI10156289/},
}

@PhdThesis{Ayompe2011,
  author  = {Lacour Ayompe},
  title   = {Performance and Policy Evaluation of Solar Energy Technologies for Domestic Application in Ireland},
  school  = {Dublin Institute of Technology},
  year    = {2011},
  address = {Dublin, Ireland},
  doi     = {10.21427/D7SW4T},
  file    = {:C\:/Users/ferna/Google Drive/PhD/Research/Literature/Thesis/Performance and Policy Evaluation of Solar Energy Technologies for Domestic Application in Ireland.pdf:PDF},
}

@Article{Motte2013,
  author    = {Fabrice Motte and Gilles Notton and Christian Cristofari and Jean-Louis Canaletti},
  title     = {Design and modelling of a new patented thermal solar collector with high building integration},
  journal   = {Applied Energy},
  year      = {2013},
  volume    = {102},
  pages     = {631--639},
  doi       = {10.1016/j.apenergy.2012.08.012},
  file      = {:C\:/Users/ferna/Google Drive/PhD/Research/Literature/Journals, Proceedings and Reviews/Applied Energy/Check - Design and modelling of a new patented thermal solar collector with high building integration.pdf:PDF},
  publisher = {Elsevier {BV}},
}

@Article{Kalogirou2003,
  author    = {Soteris Kalogirou},
  title     = {The potential of solar industrial process heat applications},
  journal   = {Applied Energy},
  year      = {2003},
  volume    = {76},
  number    = {4},
  pages     = {337--361},
  doi       = {10.1016/s0306-2619(02)00176-9},
  file      = {:C\:/Users/ferna/Google Drive/PhD/Research/Literature/Journals, Proceedings and Reviews/Applied Energy/Check - The potential of solar industrial process heat application.pdf:PDF},
  publisher = {Elsevier {BV}},
}

@Article{Prapas1987a,
  author    = {D.E. Prapas and B. Norton and P.E. Melidis and S.D. Probert},
  title     = {Convective heat transfers within air spaces of compound parabolic concentrating solar-energy collectors},
  journal   = {Applied Energy},
  year      = {1987},
  volume    = {28},
  number    = {2},
  pages     = {123--135},
  doi       = {10.1016/0306-2619(87)90046-8},
  file      = {:C\:/Users/ferna/Google Drive/PhD/Research/Literature/Journals, Proceedings and Reviews/Applied Energy/Convective Heat Transfers within Air Spaces of Compound Parabolic Concentrating Solar-energy Collectors.pdf:PDF},
  publisher = {Elsevier {BV}},
}

@Article{Atheaya2016,
  author    = {Deepali Atheaya and Arvind Tiwari and G.N. Tiwari and I.M. Al-Helal},
  title     = {Performance evaluation of inverted absorber photovoltaic thermal compound parabolic concentrator ({PVT}-{CPC}): Constant flow rate mode},
  journal   = {Applied Energy},
  year      = {2016},
  volume    = {167},
  pages     = {70--79},
  doi       = {10.1016/j.apenergy.2016.01.023},
  file      = {:C\:/Users/ferna/Google Drive/PhD/Research/Literature/Journals, Proceedings and Reviews/Applied Energy/Performance evaluation of inverted absorber photovoltaic thermal compound parabolic concentrator (PVT-CPC) Constant flow rate mode.pdf:PDF},
  publisher = {Elsevier {BV}},
}

@Article{Dev2011,
  author    = {Rahul Dev and Sabah A. Abdul-Wahab and G.N. Tiwari},
  title     = {Performance study of the inverted absorber solar still with water depth and total dissolved solid},
  journal   = {Applied Energy},
  year      = {2011},
  volume    = {88},
  number    = {1},
  pages     = {252--264},
  doi       = {10.1016/j.apenergy.2010.08.001},
  file      = {:C\:/Users/ferna/Google Drive/PhD/Research/Literature/Journals, Proceedings and Reviews/Applied Energy/Performance study of the inverted absorber solar still with water depth and total dissolved solid.pdf:PDF},
  publisher = {Elsevier {BV}},
}

@Article{Ayompe2013,
  author    = {L.M. Ayompe and A. Duffy},
  title     = {Analysis of the thermal performance of a solar water heating system with flat plate collectors in a temperate climate},
  journal   = {Applied Thermal Engineering},
  year      = {2013},
  volume    = {58},
  number    = {1-2},
  pages     = {447--454},
  doi       = {10.1016/j.applthermaleng.2013.04.062},
  file      = {:C\:/Users/ferna/Google Drive/PhD/Research/Literature/Journals, Proceedings and Reviews/Applied Thermal Engineering/Check - Analysis of the thermal performance of a solar water heating system with flat plate collectors in a temperate climate.pdf:PDF},
  publisher = {Elsevier {BV}},
}

@Article{Yeh2009,
  author    = {Ho Ming Yeh and Chii Dong Ho},
  title     = {Solar air heaters with external recycle},
  doi       = {10.1016/j.applthermaleng.2008.07.027},
  number    = {8-9},
  pages     = {1694--1701},
  volume    = {29},
  file      = {:C\:/Users/ferna/Google Drive/PhD/Research/Literature/Journals, Proceedings and Reviews/Applied Thermal Engineering/Check - Solar air heaters with external recycle.pdf:PDF},
  journal   = {Applied Thermal Engineering},
  publisher = {Elsevier {BV}},
  year      = {2009},
}

@Article{Li2016,
  author    = {Xianli Li and Chao Li and Bojia Li},
  title     = {Net heat gain assessment on a glazed transpired solar air collector with slit-like perforations},
  journal   = {Applied Thermal Engineering},
  year      = {2016},
  volume    = {99},
  pages     = {1--10},
  doi       = {10.1016/j.applthermaleng.2015.12.069},
  file      = {:C\:/Users/ferna/Google Drive/PhD/Research/Literature/Journals, Proceedings and Reviews/Applied Thermal Engineering/Net heat gain assessment on a glazed transpired solar air collector with slit-like perforations.pdf:PDF},
  publisher = {Elsevier {BV}},
}

@Article{Ayompe2011a,
  author    = {L.M. Ayompe and A. Duffy and S.J. McCormack and M. Conlon},
  title     = {Validated {TRNSYS} model for forced circulation solar water heating systems with flat plate and heat pipe evacuated tube collectors},
  journal   = {Applied Thermal Engineering},
  year      = {2011},
  volume    = {31},
  number    = {8-9},
  pages     = {1536--1542},
  doi       = {10.1016/j.applthermaleng.2011.01.046},
  file      = {:C\:/Users/ferna/Google Drive/PhD/Research/Literature/Journals, Proceedings and Reviews/Applied Thermal Engineering/Validated TRNSYS model for forced circulation solar water heating systems with flat plate and heat pipe evacuated tube collectors.pdf:PDF},
  publisher = {Elsevier {BV}},
}

@Article{Clarke2015,
  author    = {J.A. Clarke and J.L.M. Hensen},
  title     = {Integrated building performance simulation: Progress, prospects and~requirements},
  journal   = {Building and Environment},
  year      = {2015},
  volume    = {91},
  pages     = {294--306},
  doi       = {10.1016/j.buildenv.2015.04.002},
  file      = {:C\:/Users/ferna/Google Drive/PhD/Research/Literature/Journals, Proceedings and Reviews/Building and Environment/Integrated building performance simulation.pdf:PDF},
  publisher = {Elsevier {BV}},
}

@Article{Dev2011a,
  author    = {Rahul Dev and G.N. Tiwari},
  title     = {Characteristic equation of the inverted absorber solar still},
  journal   = {Desalination},
  year      = {2011},
  volume    = {269},
  number    = {1-3},
  pages     = {67--77},
  doi       = {10.1016/j.desal.2010.10.043},
  file      = {:C\:/Users/ferna/Google Drive/PhD/Research/Literature/Journals, Proceedings and Reviews/Desalination/Characteristic equation of the inverted absorber solar still.pdf:PDF},
  publisher = {Elsevier {BV}},
}

@Article{Janjai2008,
  author    = {S. Janjai and N. Srisittipokakun and B.K. Bala},
  title     = {Experimental and modelling performances of a roof-integrated solar drying system for drying herbs and spices},
  journal   = {Energy},
  year      = {2008},
  volume    = {33},
  number    = {1},
  pages     = {91--103},
  doi       = {10.1016/j.energy.2007.08.009},
  file      = {:C\:/Users/ferna/Google Drive/PhD/Research/Literature/Journals, Proceedings and Reviews/Energy/Check - Experimental and modelling performances of a roof-integrated solar drying system for drying herbs and spices.pdf:PDF},
  publisher = {Elsevier {BV}},
}

@Article{Harmim2012a,
  author    = {A. Harmim and M. Merzouk and M. Boukar and M. Amar},
  title     = {Performance study of a box-type solar cooker employing an asymmetric compound parabolic concentrator},
  journal   = {Energy},
  year      = {2012},
  volume    = {47},
  number    = {1},
  pages     = {471--480},
  doi       = {10.1016/j.energy.2012.09.037},
  file      = {:C\:/Users/ferna/Google Drive/PhD/Research/Literature/Journals, Proceedings and Reviews/Energy/Check - Performance study of a box-type solar cooker employing an asymmetric compound parabolic concentrator.pdf:PDF},
  publisher = {Elsevier {BV}},
}

@Article{Zheng2016,
  author    = {Wandong Zheng and Bojia Li and Huan Zhang and Shijun You and Ying Li and Tianzhen Ye},
  title     = {Thermal characteristics of a glazed transpired solar collector with perforating corrugated plate in cold regions},
  journal   = {Energy},
  year      = {2016},
  volume    = {109},
  pages     = {781--790},
  doi       = {10.1016/j.energy.2016.05.064},
  file      = {:C\:/Users/ferna/Google Drive/PhD/Research/Literature/Journals, Proceedings and Reviews/Energy/Thermal characteristics of a glazed transpired solar collector with perforating corrugated plate in cold regions.pdf:PDF},
  publisher = {Elsevier {BV}},
}

@Article{Abdul-Wahab2013,
  author    = {Sabah A. Abdul-Wahab and Yousuf Y. Al-Hatmi},
  title     = {Performance evaluation of an inverted absorber solar still integrated with a refrigeration cycle and an inverted absorber solar still},
  journal   = {Energy for Sustainable Development},
  year      = {2013},
  volume    = {17},
  number    = {6},
  pages     = {642--648},
  doi       = {10.1016/j.esd.2013.08.006},
  file      = {:C\:/Users/ferna/Google Drive/PhD/Research/Literature/Journals, Proceedings and Reviews/Energy for Sustainable Development/Performance evaluation of an inverted absorber solar still integrated with a refrigeration cycle and an inverted absorber solar still.pdf:PDF},
  publisher = {Elsevier {BV}},
}

@TechReport{Wu2012,
  author      = {S S Wu and C D Boley and J N Florando and M M LeBlanc and W H Lowdermilk and S M Rubenchik and J R Stanley},
  title       = {Deep Penetration in Aerospace Composite Materials Using Near-Infrared Laser Radiation},
  institution = {Lawrence Livermore National Lab. (LLNL)},
  year        = {2012},
  doi         = {10.2172/1059098},
  address     = {Livermore, United States},
  file        = {:C\:/Users/ferna/Google Drive/PhD/Research/Literature/Journals, Proceedings and Reviews/General Journals/Carbonfibre Absorptivity.pdf:PDF},
  publisher   = {Office of Scientific and Technical Information ({OSTI})},
}

@Article{Xu2015,
  author    = {Hebing Xu and Jun Hu and Zhou Yu},
  title     = {Absorption behavior analysis of Carbon Fiber Reinforced Polymer in laser processing},
  journal   = {Optical Materials Express},
  year      = {2015},
  volume    = {5},
  number    = {10},
  pages     = {2330--2336},
  doi       = {10.1364/ome.5.002330},
  file      = {:C\:/Users/ferna/Google Drive/PhD/Research/Literature/Journals, Proceedings and Reviews/General Journals/absorptivity carbon fiber.pdf:PDF},
  publisher = {The Optical Society},
}

@Article{Chua2003,
  author    = {K.J Chua and S.K Chou},
  title     = {Low-cost drying methods for developing countries},
  journal   = {Trends in Food Science {\&} Technology},
  year      = {2003},
  volume    = {14},
  number    = {12},
  pages     = {519--528},
  doi       = {10.1016/j.tifs.2003.07.003},
  file      = {:C\:/Users/ferna/Google Drive/PhD/Research/Literature/Journals, Proceedings and Reviews/Trends in Food Science & Technology/Low-cost drying methods for developing countries.pdf:PDF},
  publisher = {Elsevier {BV}},
}

@Article{Lutz1987,
  author    = {K. Lutz and W. Mühlbauer and J. Müller and G. Reisinger},
  title     = {Development of a multi-purpose solar crop dryer for arid zones},
  journal   = {Solar {\&} Wind Technology},
  year      = {1987},
  volume    = {4},
  number    = {4},
  pages     = {417--424},
  doi       = {10.1016/0741-983x(87)90016-6},
  file      = {:C\:/Users/ferna/Google Drive/PhD/Research/Literature/Journals, Proceedings and Reviews/Solar & Wind Technology/Check - Development of multipurpose solar crop dryer for arid zones.pdf:PDF},
  publisher = {Elsevier {BV}},
}

@Article{Kalogirou2004,
  author    = {Soteris A. Kalogirou},
  title     = {Solar thermal collectors and applications},
  journal   = {Progress in Energy and Combustion Science},
  year      = {2004},
  volume    = {30},
  number    = {3},
  pages     = {231--295},
  doi       = {10.1016/j.pecs.2004.02.001},
  file      = {:C\:/Users/ferna/Google Drive/PhD/Research/Literature/Journals, Proceedings and Reviews/Progress in Energy and Combustion Science/Check - Solar thermal collectors and applications.pdf:PDF},
  publisher = {Elsevier {BV}},
}

@Article{Abdul-Wahab2012,
  author    = {Sabah A. Abdul-Wahab and Yousuf Y. Al-Hatmi},
  title     = {Study of the Performance of the Inverted Solar Still Integrated with a Refrigeration Cycle},
  journal   = {Procedia Engineering},
  year      = {2012},
  volume    = {33},
  pages     = {424--434},
  doi       = {10.1016/j.proeng.2012.01.1222},
  file      = {:C\:/Users/ferna/Google Drive/PhD/Research/Literature/Journals, Proceedings and Reviews/Procedia Engineering/Study of the Performance of the Inverted Solar Still Integrated with a Refrigeration Cycle.pdf:PDF},
  publisher = {Elsevier {BV}},
}

@Article{Prasad2006,
  author    = {Jaishree Prasad and V.K. Vijay and G.N. Tiwari and V.P.S. Sorayan},
  title     = {Study on performance evaluation of hybrid drier for turmeric (Curcuma longa L.) drying at village scale},
  journal   = {Journal of Food Engineering},
  year      = {2006},
  volume    = {75},
  number    = {4},
  pages     = {497--502},
  doi       = {10.1016/j.jfoodeng.2005.04.061},
  file      = {:C\:/Users/ferna/Google Drive/PhD/Research/Literature/Journals, Proceedings and Reviews/Journal of Food Engineering/Study on performance evaluation of hybrid drier for turmeric (Curcuma longa L.) drying at village scale.pdf:PDF},
  publisher = {Elsevier {BV}},
}

@Article{Mallick2007,
  author    = {T Mallick and P Eames},
  title     = {Design and fabrication of low concentrating second generation {PRIDE} concentrator},
  journal   = {Solar Energy Materials and Solar Cells},
  year      = {2007},
  volume    = {91},
  number    = {7},
  pages     = {597--608},
  doi       = {10.1016/j.solmat.2006.11.016},
  file      = {:C\:/Users/ferna/Google Drive/PhD/Research/Literature/Journals, Proceedings and Reviews/Solar Energy Materials and Solar Cells/Design and fabrication of low concentrating second generation PRIDE concentrator.pdf:PDF},
  publisher = {Elsevier {BV}},
}

@Article{Mallick2007a,
  author    = {Tapas K. Mallick and Philip C. Eames and Brian Norton},
  title     = {Power losses in an asymmetric compound parabolic photovoltaic concentrator},
  journal   = {Solar Energy Materials and Solar Cells},
  year      = {2007},
  volume    = {91},
  number    = {12},
  pages     = {1137--1146},
  doi       = {10.1016/j.solmat.2007.03.020},
  file      = {:C\:/Users/ferna/Google Drive/PhD/Research/Literature/Journals, Proceedings and Reviews/Solar Energy Materials and Solar Cells/Power Losses in an asymmetric compound parabolic photovoltaic concentrator.pdf:PDF},
  publisher = {Elsevier {BV}},
}

@Article{Yang2013,
  author    = {Yuguo Yang and Qichun Wang and Dapeng Xiu and Zhibin Zhao and Qizheng Sun},
  title     = {A building integrated solar collector: All-ceramic solar collector},
  journal   = {Energy and Buildings},
  year      = {2013},
  volume    = {62},
  pages     = {15--17},
  doi       = {10.1016/j.enbuild.2013.03.002},
  file      = {:C\:/Users/ferna/Google Drive/PhD/Research/Literature/Journals, Proceedings and Reviews/Energy and Buildings/Check - A building integrated solar collector All-ceramic solar collector.pdf:PDF},
  publisher = {Elsevier {BV}},
}

@Article{AlmeidaFerreiraTavares2007,
  author    = {Paulo Filipe Almeida Ferreira Tavares and Antonio Manuel Oliveira Gomes Martins},
  title     = {Energy efficient building design using sensitivity analysis{\textemdash}A case study},
  journal   = {Energy and Buildings},
  year      = {2007},
  volume    = {39},
  number    = {1},
  pages     = {23--31},
  doi       = {10.1016/j.enbuild.2006.04.017},
  file      = {:C\:/Users/ferna/Google Drive/PhD/Research/Literature/Journals, Proceedings and Reviews/Energy and Buildings/Energy efficient building design using sensitivity analysis—A case study.pdf:PDF},
  publisher = {Elsevier {BV}},
}

@Article{Zeng2011,
  author    = {Ruolang Zeng and Xin Wang and Hongfa Di and Feng Jiang and Yinping Zhang},
  title     = {New concepts and approach for developing energy efficient buildings: Ideal specific heat for building internal thermal mass},
  journal   = {Energy and Buildings},
  year      = {2011},
  volume    = {43},
  number    = {5},
  pages     = {1081--1090},
  doi       = {10.1016/j.enbuild.2010.08.035},
  file      = {:C\:/Users/ferna/Google Drive/PhD/Research/Literature/Journals, Proceedings and Reviews/Energy and Buildings/New concepts and approach for developing energy efficient buildings Ideal specific heat for building internal thermal mass.pdf:PDF},
  publisher = {Elsevier {BV}},
}

@Article{Kostic2012,
  author    = {Ljiljana T. Kosti{\'{c}} and Zoran T. Pavlovi{\'{c}}},
  title     = {Optimal position of flat plate reflectors of solar thermal collector},
  journal   = {Energy and Buildings},
  year      = {2012},
  volume    = {45},
  pages     = {161--168},
  doi       = {10.1016/j.enbuild.2011.10.059},
  file      = {:C\:/Users/ferna/Google Drive/PhD/Research/Literature/Journals, Proceedings and Reviews/Energy and Buildings/Optimal position of flat plate reflectors of solar thermal collector.pdf:PDF},
  publisher = {Elsevier {BV}},
}

@Article{Papadopoulos2005,
  author    = {A.M. Papadopoulos},
  title     = {State of the art in thermal insulation materials and aims for future developments},
  journal   = {Energy and Buildings},
  year      = {2005},
  volume    = {37},
  number    = {1},
  pages     = {77--86},
  doi       = {10.1016/j.enbuild.2004.05.006},
  file      = {:C\:/Users/ferna/Google Drive/PhD/Research/Literature/Journals, Proceedings and Reviews/Energy and Buildings/State of the art in thermal insulation materials and aims for future developments.pdf:PDF},
  publisher = {Elsevier {BV}},
}

@Article{Amer2010,
  author    = {B.M.A. Amer and M.A. Hossain and K. Gottschalk},
  title     = {Design and performance evaluation of a new hybrid solar dryer for banana},
  journal   = {Energy Conversion and Management},
  year      = {2010},
  volume    = {51},
  number    = {4},
  pages     = {813--820},
  doi       = {10.1016/j.enconman.2009.11.016},
  file      = {:C\:/Users/ferna/Google Drive/PhD/Research/Literature/Journals, Proceedings and Reviews/Energy Conversion and Management/Design and performance evaluation of a new hybrid solar dryer for banana.pdf:PDF},
  publisher = {Elsevier {BV}},
}

@Article{Montero2010,
  author    = {I. Montero and J. Blanco and T. Miranda and S. Rojas and A.R. Celma},
  title     = {Design, construction and performance testing of a solar dryer for agroindustrial by-products},
  journal   = {Energy Conversion and Management},
  year      = {2010},
  volume    = {51},
  number    = {7},
  pages     = {1510--1521},
  doi       = {10.1016/j.enconman.2010.02.009},
  file      = {:C\:/Users/ferna/Google Drive/PhD/Research/Literature/Journals, Proceedings and Reviews/Energy Conversion and Management/Design, construction and performance testing of a solar dryer for agroindustrial by-products.pdf:PDF},
  publisher = {Elsevier {BV}},
}

@Article{Karim2004,
  author    = {M.A. Karim and M.N.A. Hawlader},
  title     = {Development of solar air collectors for drying applications},
  journal   = {Energy Conversion and Management},
  year      = {2004},
  volume    = {45},
  number    = {3},
  pages     = {329--344},
  doi       = {10.1016/s0196-8904(03)00158-4},
  file      = {:C\:/Users/ferna/Google Drive/PhD/Research/Literature/Journals, Proceedings and Reviews/Energy Conversion and Management/Development of solar air collectors for drying applications.pdf:PDF},
  publisher = {Elsevier {BV}},
}

@Article{Nowzari2015,
  author    = {Raheleh Nowzari and Nima Mirzaei and L.B.Y. Aldabbagh},
  title     = {Finding the best configuration for a solar air heater by design and analysis of experiment},
  journal   = {Energy Conversion and Management},
  year      = {2015},
  volume    = {100},
  pages     = {131--137},
  doi       = {10.1016/j.enconman.2015.04.058},
  file      = {:C\:/Users/ferna/Google Drive/PhD/Research/Literature/Journals, Proceedings and Reviews/Energy Conversion and Management/Finding the best configuration for a solar air heater by design and analysis of experiment.pdf:PDF},
  publisher = {Elsevier {BV}},
}

@Article{Fernandez2013,
  author    = {A. Fern{\'{a}}ndez and J.A. Dieste},
  title     = {Low and medium temperature solar thermal collector based in innovative materials and improved heat exchange performance},
  journal   = {Energy Conversion and Management},
  year      = {2013},
  volume    = {75},
  pages     = {118--129},
  doi       = {10.1016/j.enconman.2013.06.007},
  file      = {:C\:/Users/ferna/Google Drive/PhD/Research/Literature/Journals, Proceedings and Reviews/Energy Conversion and Management/Low and medium temperature solar thermal collector based Low and medium temperature solar thermal collector based.pdf:PDF},
  publisher = {Elsevier {BV}},
}

@Article{Sreekumar2010,
  author    = {A. Sreekumar},
  title     = {Techno-economic analysis of a roof-integrated solar air heating system for drying fruit and vegetables},
  journal   = {Energy Conversion and Management},
  year      = {2010},
  volume    = {51},
  number    = {11},
  pages     = {2230--2238},
  doi       = {10.1016/j.enconman.2010.03.017},
  file      = {:C\:/Users/ferna/Google Drive/PhD/Research/Literature/Journals, Proceedings and Reviews/Energy Conversion and Management/Techno-economic analysis of a roof-integrated solar air heating for drying fruit and vegetables system.pdf:PDF},
  publisher = {Elsevier {BV}},
}

@Article{Senthilkumar2012,
  author  = {S. Senthilkumar and N. Yasodha},
  title   = {Design and Development of a Three Dimensional Compound Parabolic Concentrator and Study of Optical and Thermal Performance},
  journal = {International Journal of Energy Science},
  year    = {2012},
  volume  = {2},
  number  = {2},
  pages   = {64--68},
  file    = {:C\:/Users/ferna/Google Drive/PhD/Research/Literature/Journals, Proceedings and Reviews/General Journals/Design and Development of a Three Dimensional Compound Parabolic Concentrator and Study of Optical and Thermal Performance.pdf:PDF},
  url     = {http://www.seipub.org/IJES/paperInfo.aspx?ID=5969},
}

@Article{Athienitis2011,
  author    = {Andreas K. Athienitis and James Bambara and Brendan O'Neill and Jonathan Faille},
  title     = {A prototype photovoltaic/thermal system integrated with transpired collector},
  journal   = {Solar Energy},
  year      = {2011},
  volume    = {85},
  number    = {1},
  pages     = {139--153},
  doi       = {10.1016/j.solener.2010.10.008},
  file      = {:C\:/Users/ferna/Google Drive/PhD/Research/Literature/Journals, Proceedings and Reviews/Solar Energy 1/A prototype photovoltaic thermal system integrated with transpired collector.pdf:PDF},
  publisher = {Elsevier {BV}},
}

@Article{Ruiz2010,
  author    = {Elisa Ruiz and Pedro J. Mart{\'{\i}}nez},
  title     = {Analysis of an open-air swimming pool solar heating system by using an experimentally validated {TRNSYS} model},
  journal   = {Solar Energy},
  year      = {2010},
  volume    = {84},
  number    = {1},
  pages     = {116--123},
  doi       = {10.1016/j.solener.2009.10.015},
  file      = {:C\:/Users/ferna/Google Drive/PhD/Research/Literature/Journals, Proceedings and Reviews/Solar Energy 1/Analysis of an open-air swimming pool solar heating system by using an experimentally validated TRNSYS model.pdf:PDF},
  publisher = {Elsevier {BV}},
}

@Article{Atheaya2015,
  author    = {Deepali Atheaya and Arvind Tiwari and G.N. Tiwari and I.M. Al-Helal},
  title     = {Analytical characteristic equation for partially covered photovoltaic thermal ({PVT}) compound parabolic concentrator ({CPC})},
  journal   = {Solar Energy},
  year      = {2015},
  volume    = {111},
  pages     = {176--185},
  doi       = {10.1016/j.solener.2014.10.025},
  file      = {:C\:/Users/ferna/Google Drive/PhD/Research/Literature/Journals, Proceedings and Reviews/Solar Energy 1/Analytical characteristic equation for partially covered photovoltaic thermal (PVT) compound parabolic concentrator (CPC).pdf:PDF},
  publisher = {Elsevier {BV}},
}

@Article{Tajdaran2016,
  author    = {Sadjad Tajdaran and Fabrizio Bonatesta and Raymond Ogden and Christopher Kendrick},
  title     = {{CFD} modeling of transpired solar collectors and characterisation of multi-scale airflow and heat transfer mechanisms},
  journal   = {Solar Energy},
  year      = {2016},
  volume    = {131},
  pages     = {149--164},
  doi       = {10.1016/j.solener.2016.02.042},
  file      = {:C\:/Users/ferna/Google Drive/PhD/Research/Literature/Journals, Proceedings and Reviews/Solar Energy 1/CFD modeling of transpired solar collectors and characterisation of multi-scale airflow and heat transfer mechanisms.pdf:PDF},
  publisher = {Elsevier {BV}},
}

@Article{Sartori2006,
  author    = {Ernani Sartori},
  title     = {Convection coefficient equations for forced air flow over flat surfaces},
  journal   = {Solar Energy},
  year      = {2006},
  volume    = {80},
  number    = {9},
  pages     = {1063--1071},
  doi       = {10.1016/j.solener.2005.11.001},
  file      = {:C\:/Users/ferna/Google Drive/PhD/Research/Literature/Journals, Proceedings and Reviews/Solar Energy 1/Convection coefficient equations for forced air flow over flat surfaces.pdf:PDF},
  publisher = {Elsevier {BV}},
}

@Article{Waghmare2016,
  author    = {Sainath A. Waghmare and Nitin P. Gulhane},
  title     = {Design and ray tracing of a compound parabolic collector with tubular receiver},
  journal   = {Solar Energy},
  year      = {2016},
  volume    = {137},
  pages     = {165--172},
  doi       = {10.1016/j.solener.2016.08.009},
  file      = {:C\:/Users/ferna/Google Drive/PhD/Research/Literature/Journals, Proceedings and Reviews/Solar Energy 1/Design and ray tracing of a compound parabolic collector with tubular receiver.pdf:PDF},
  publisher = {Elsevier {BV}},
}

@Article{Dymond1997,
  author    = {C. Dymond and C. Kutscher},
  title     = {Development of a flow distribution and design model for transpired solar collectors},
  journal   = {Solar Energy},
  year      = {1997},
  volume    = {60},
  number    = {5},
  pages     = {291--300},
  doi       = {10.1016/s0038-092x(96)00157-0},
  file      = {:C\:/Users/ferna/Google Drive/PhD/Research/Literature/Journals, Proceedings and Reviews/Solar Energy 1/DEVELOPMENT OF A FLOW DISTRIBUTION AND DESIGN MODEL FOR TRANSPIRED SOLAR COLLECTORS.pdf:PDF},
  publisher = {Elsevier {BV}},
}

@Article{Hossain2007,
  author    = {M.A. Hossain and B.K. Bala},
  title     = {Drying of hot chilli using solar tunnel drier},
  journal   = {Solar Energy},
  year      = {2007},
  volume    = {81},
  number    = {1},
  pages     = {85--92},
  doi       = {10.1016/j.solener.2006.06.008},
  file      = {:C\:/Users/ferna/Google Drive/PhD/Research/Literature/Journals, Proceedings and Reviews/Solar Energy 1/Drying of hot chilli using solar tunnel drier.pdf:PDF},
  publisher = {Elsevier {BV}},
}

@Article{Lopez-Vidana2013,
  author    = {Erick Cesar L{\'{o}}pez-Vida{\~{n}}a and Lilia L. M{\'{e}}ndez-Lagunas and Juan Rodr{\'{\i}}guez-Ram{\'{\i}}rez},
  title     = {Efficiency of a hybrid solar{\textendash}gas dryer},
  journal   = {Solar Energy},
  year      = {2013},
  volume    = {93},
  pages     = {23--31},
  doi       = {10.1016/j.solener.2013.01.027},
  file      = {:C\:/Users/ferna/Google Drive/PhD/Research/Literature/Journals, Proceedings and Reviews/Solar Energy 1/Efficiency of a hybrid solar–gas dryer.pdf:PDF},
  publisher = {Elsevier {BV}},
}

@Article{Yassen2016,
  author    = {Tadahmun A. Yassen and Hussain H. Al-Kayiem},
  title     = {Experimental investigation and evaluation of hybrid solar/thermal dryer combined with supplementary recovery dryer},
  journal   = {Solar Energy},
  year      = {2016},
  volume    = {134},
  pages     = {284--293},
  doi       = {10.1016/j.solener.2016.05.011},
  file      = {:C\:/Users/ferna/Google Drive/PhD/Research/Literature/Journals, Proceedings and Reviews/Solar Energy 1/Experimental investigation and evaluation of hybrid solar thermal dryer combined with supplementary recovery dryer.pdf:PDF},
  publisher = {Elsevier {BV}},
}

@Article{Souliotis2011,
  author    = {M. Souliotis and P. Quinlan and M. Smyth and Y. Tripanagnostopoulos and A. Zacharopoulos and M. Ramirez and P. Yianoulis},
  title     = {Heat retaining integrated collector storage solar water heater with asymmetric {CPC} reflector},
  journal   = {Solar Energy},
  year      = {2011},
  volume    = {85},
  number    = {10},
  pages     = {2474--2487},
  doi       = {10.1016/j.solener.2011.07.005},
  file      = {:C\:/Users/ferna/Google Drive/PhD/Research/Literature/Journals, Proceedings and Reviews/Solar Energy 1/Heat retaining integrated collector storage solar water heater with asymmetric CPC reflector.pdf:PDF},
  publisher = {Elsevier {BV}},
}

@Article{Decker2001,
  author    = {G.W.E. Van Decker and K.G.T. Hollands and A.P. Brunger},
  title     = {Heat-exchange relations for unglazed transpired solar collectors with circular holes on a square or triangular pitch},
  journal   = {Solar Energy},
  year      = {2001},
  volume    = {71},
  number    = {1},
  pages     = {33--45},
  doi       = {10.1016/s0038-092x(01)00014-7},
  file      = {:C\:/Users/ferna/Google Drive/PhD/Research/Literature/Journals, Proceedings and Reviews/Solar Energy 1/HEAT-EXCHANGE RELATIONS FOR UNGLAZED TRANSPIRED SOLAR COLLECTORS WITH CIRCULAR HOLES ON A SQUARE OR TRIANGULAR PITCH.pdf:PDF},
  publisher = {Elsevier {BV}},
}

@Article{Leon2007,
  author    = {M. Augustus Leon and S. Kumar},
  title     = {Mathematical modeling and thermal performance analysis of unglazed transpired solar collectors},
  journal   = {Solar Energy},
  year      = {2007},
  volume    = {81},
  number    = {1},
  pages     = {62--75},
  doi       = {10.1016/j.solener.2006.06.017},
  file      = {:C\:/Users/ferna/Google Drive/PhD/Research/Literature/Journals, Proceedings and Reviews/Solar Energy 1/Mathematical modeling and thermal performance analysis of unglazed transpired solar collectors.pdf:PDF},
  publisher = {Elsevier {BV}},
}

@Article{Bracamonte2013,
  author    = {Johane Bracamonte and Miguel Baritto},
  title     = {Optimal aspect ratios for non-isothermal flat plate solar collectors for air heating},
  journal   = {Solar Energy},
  year      = {2013},
  volume    = {97},
  pages     = {605--613},
  doi       = {10.1016/j.solener.2013.09.007},
  file      = {:C\:/Users/ferna/Google Drive/PhD/Research/Literature/Journals, Proceedings and Reviews/Solar Energy 1/Optimal aspect ratios for non-isothermal flat plate solar collectors for air heating.pdf:PDF},
  publisher = {Elsevier {BV}},
}

@Article{Purohit2006,
  author    = {Pallav Purohit and Atul Kumar and Tara Chandra Kandpal},
  title     = {Solar drying vs. open sun drying: A framework for financial evaluation},
  journal   = {Solar Energy},
  year      = {2006},
  volume    = {80},
  number    = {12},
  pages     = {1568--1579},
  doi       = {10.1016/j.solener.2005.12.009},
  file      = {:C\:/Users/ferna/Google Drive/PhD/Research/Literature/Journals, Proceedings and Reviews/Solar Energy 1/Solar drying vs. open sun drying A framework for financial evaluation.pdf:PDF},
  publisher = {Elsevier {BV}},
}

@Article{Belessiotis2011,
  author    = {V. Belessiotis and E. Delyannis},
  title     = {Solar drying},
  journal   = {Solar Energy},
  year      = {2011},
  volume    = {85},
  number    = {8},
  pages     = {1665--1691},
  doi       = {10.1016/j.solener.2009.10.001},
  file      = {:C\:/Users/ferna/Google Drive/PhD/Research/Literature/Journals, Proceedings and Reviews/Solar Energy 1/Solar drying.pdf:PDF},
  publisher = {Elsevier {BV}},
}

@Article{Tripathi2016,
  author    = {Rohit Tripathi and G.N. Tiwari and I.M. Al-Helal},
  title     = {Thermal modelling of N partially covered photovoltaic thermal ({PVT}) {\textendash} Compound parabolic concentrator ({CPC}) collectors connected in series},
  journal   = {Solar Energy},
  year      = {2016},
  volume    = {123},
  pages     = {174--184},
  doi       = {10.1016/j.solener.2015.11.014},
  file      = {:C\:/Users/ferna/Google Drive/PhD/Research/Literature/Journals, Proceedings and Reviews/Solar Energy 1/Thermal modelling of N partially covered photovoltaic thermal (PVT) – Compound parabolic concentrator (CPC) collectors connected in series.pdf:PDF},
  publisher = {Elsevier {BV}},
}

@Article{Mills1978,
  author    = {David R. Mills and John E. Giutronich},
  title     = {Asymmetrical non-imaging cylindrical solar concentrators},
  journal   = {Solar Energy},
  year      = {1978},
  volume    = {20},
  number    = {1},
  pages     = {45--55},
  doi       = {10.1016/0038-092x(78)90140-8},
  file      = {:C\:/Users/ferna/Google Drive/PhD/Research/Literature/Journals, Proceedings and Reviews/Solar Energy 2/ASYMMETRICAL NON-IMAGING CYLINDRICAL SOLAR CONCENTRATORS.pdf:PDF},
  publisher = {Elsevier {BV}},
}

@Article{Eames1993,
  author    = {P.C. Eames and B. Norton},
  title     = {Detailed parametric analyses of heat transfer in {CPC} solar energy collectors},
  journal   = {Solar Energy},
  year      = {1993},
  volume    = {50},
  number    = {4},
  pages     = {321--338},
  doi       = {10.1016/0038-092x(93)90027-l},
  file      = {:C\:/Users/ferna/Google Drive/PhD/Research/Literature/Journals, Proceedings and Reviews/Solar Energy 2/Check - DETAILED PARAMETRIC ANALYSES OF HEAT TRANSFER IN CPC SOLAR ENERGY COLLECTORS.pdf:PDF},
  publisher = {Elsevier {BV}},
}

@Article{Rabl1982,
  author    = {A. Rabl and P. Bendt and H.W. Gaul},
  title     = {Optimization of parabolic trough solar collectors},
  journal   = {Solar Energy},
  year      = {1982},
  volume    = {29},
  number    = {5},
  pages     = {407--417},
  doi       = {10.1016/0038-092x(82)90077-9},
  file      = {:C\:/Users/ferna/Google Drive/PhD/Research/Literature/Journals, Proceedings and Reviews/Solar Energy 2/Check - OPTIMIZATION OF PARABOLIC TROUGH SOLAR COLLECTORS.pdf:PDF},
  publisher = {Elsevier {BV}},
}

@Article{Rabl1979,
  author    = {A. Rabl and N.B. Goodman and R. Winston},
  title     = {Practical design considerations for {CPC} solar collectors},
  journal   = {Solar Energy},
  year      = {1979},
  volume    = {22},
  number    = {4},
  pages     = {373--381},
  doi       = {10.1016/0038-092x(79)90192-0},
  file      = {:C\:/Users/ferna/Google Drive/PhD/Research/Literature/Journals, Proceedings and Reviews/Solar Energy 2/Check - PRACTICAL DESIGN CONSIDERATIONS FOR CPC SOLAR COLLECTORS.pdf:PDF},
  publisher = {Elsevier {BV}},
}

@Article{Kothdiwala1995,
  author    = {A. Farouk Kothdiwala and B. Norton and P.C. Eames},
  title     = {The effect of variation of angle of inclination on the performance of low-concentration-ratio compound parabolic concentrating solar collectors},
  journal   = {Solar Energy},
  year      = {1995},
  volume    = {55},
  number    = {4},
  pages     = {301--309},
  doi       = {10.1016/0038-092x(95)00049-w},
  file      = {:C\:/Users/ferna/Google Drive/PhD/Research/Literature/Journals, Proceedings and Reviews/Solar Energy 2/Check - THE EFFECT OF VARIATION OF ANGLE OF INCLINATION ON THE PERFORMANCE OF LOW-CONCENTRATION-RATIO COMPOUND PARABOLIC CONCENTRATING SOLAR COLLECTORS.pdf:PDF},
  publisher = {Elsevier {BV}},
}

@Article{Eames2001,
  author    = {P.C Eames and M Smyth and B Norton},
  title     = {The experimental validation of a comprehensive unified model for optics and heat transfer in line-axis solar energy systems},
  journal   = {Solar Energy},
  year      = {2001},
  volume    = {71},
  number    = {2},
  pages     = {121--133},
  doi       = {10.1016/s0038-092x(01)00027-5},
  file      = {:C\:/Users/ferna/Google Drive/PhD/Research/Literature/Journals, Proceedings and Reviews/Solar Energy 2/Check - THE EXPERIMENTAL VALIDATION OF A COMPREHENSIVE UNIFIED MODEL FOR OPTICS AND HEAT TRANSFER IN LINE-AXIS SOLAR ENERGY SYSTEMS.pdf:PDF},
  publisher = {Elsevier {BV}},
}

@Article{Carvalho1985,
  author    = {M.J. Carvalho and M. Collares-Pereira and J.M. Gordon and A. Rabl},
  title     = {Truncation of {CPC} solar collectors and its effect on energy collection},
  journal   = {Solar Energy},
  year      = {1985},
  volume    = {35},
  number    = {5},
  pages     = {393--399},
  doi       = {10.1016/0038-092x(85)90127-6},
  file      = {:C\:/Users/ferna/Google Drive/PhD/Research/Literature/Journals, Proceedings and Reviews/Solar Energy 2/Check - TRUNCATION OF CPC SOLAR COLLECTORS AND ITS EFFECT ON ENERGY COLLECTION.pdf:PDF},
  publisher = {Elsevier {BV}},
}

@Article{Rabl1976a,
  author    = {Ari Rabl},
  title     = {Comparison of solar concentrators},
  journal   = {Solar Energy},
  year      = {1976},
  volume    = {18},
  number    = {2},
  pages     = {93--111},
  doi       = {10.1016/0038-092x(76)90043-8},
  file      = {:C\:/Users/ferna/Google Drive/PhD/Research/Literature/Journals, Proceedings and Reviews/Solar Energy 2/COMPARISON OF SOLAR CONCENTRATORS.pdf:PDF},
  publisher = {Elsevier {BV}},
}

@Article{Sarmah2014,
  author    = {Nabin Sarmah and Bryce S. Richards and Tapas K. Mallick},
  title     = {Design, development and indoor performance analysis of a low concentrating dielectric photovoltaic module},
  journal   = {Solar Energy},
  year      = {2014},
  volume    = {103},
  pages     = {390--401},
  doi       = {10.1016/j.solener.2014.02.029},
  file      = {:C\:/Users/ferna/Google Drive/PhD/Research/Literature/Journals, Proceedings and Reviews/Solar Energy 2/Design, development and indoor performance analysis of a low concentrating dielectric photovoltaic module.pdf:PDF},
  publisher = {Elsevier {BV}},
}

@Article{Norton2011,
  author    = {Brian Norton and Philip C. Eames and Tapas K. Mallick and Ming Jun Huang and Sarah J. McCormack and Jayanta D. Mondol and Yigzaw G. Yohanis},
  title     = {Enhancing the performance of building integrated photovoltaics},
  journal   = {Solar Energy},
  year      = {2011},
  volume    = {85},
  number    = {8},
  pages     = {1629--1664},
  doi       = {10.1016/j.solener.2009.10.004},
  file      = {:C\:/Users/ferna/Google Drive/PhD/Research/Literature/Journals, Proceedings and Reviews/Solar Energy 2/Enhancing the performance of building integrated photovoltaics.pdf:PDF},
  publisher = {Elsevier {BV}},
}

@Article{Fang2007,
  author    = {Yueping Fang and Philip C. Eames and Brian Norton and Trevor J. Hyde and Junfu Zhao and Jinlei Wang and Ye Huang},
  title     = {Low emittance coatings and the thermal performance of vacuum glazing},
  journal   = {Solar Energy},
  year      = {2007},
  volume    = {81},
  number    = {1},
  pages     = {8--12},
  doi       = {10.1016/j.solener.2006.06.011},
  file      = {:C\:/Users/ferna/Google Drive/PhD/Research/Literature/Journals, Proceedings and Reviews/Solar Energy 2/Low emittance coatings and the thermal performance of vacuum glazing.pdf:PDF},
  publisher = {Elsevier {BV}},
}

@Article{Mallick2006,
  author    = {Tapas K. Mallick and Philip C. Eames and Brian Norton},
  title     = {Non-concentrating and asymmetric compound parabolic concentrating building fa{\c{c}}ade integrated photovoltaics: An experimental comparison},
  journal   = {Solar Energy},
  year      = {2006},
  volume    = {80},
  number    = {7},
  pages     = {834--849},
  doi       = {10.1016/j.solener.2005.05.011},
  file      = {:C\:/Users/ferna/Google Drive/PhD/Research/Literature/Journals, Proceedings and Reviews/Solar Energy 2/Non-concentrating and asymmetric compound parabolic concentrating building facade integrated photovoltaics.pdf:PDF},
  publisher = {Elsevier {BV}},
}

@Article{Mallick2004,
  author    = {T.K. Mallick and P.C. Eames and T.J. Hyde and B. Norton},
  title     = {The design and experimental characterisation of an asymmetric compound parabolic photovoltaic concentrator for building fa{\c{c}}ade integration in the {UK}},
  journal   = {Solar Energy},
  year      = {2004},
  volume    = {77},
  number    = {3},
  pages     = {319--327},
  doi       = {10.1016/j.solener.2004.05.015},
  file      = {:C\:/Users/ferna/Google Drive/PhD/Research/Literature/Journals, Proceedings and Reviews/Solar Energy 2/The design and experimental characterisation of an asymmetric compound parabolic photovoltaic concentrator for building facade integration in the UK.pdf:PDF},
  publisher = {Elsevier {BV}},
}

@Article{Eames1995,
  author    = {P.C. Eames and B. Norton},
  title     = {Thermal and optical consequences of the introduction of baffles into compound parabolic concentrating solar energy collector cavities},
  journal   = {Solar Energy},
  year      = {1995},
  volume    = {55},
  number    = {2},
  pages     = {139--150},
  doi       = {10.1016/0038-092x(95)00039-t},
  file      = {:C\:/Users/ferna/Google Drive/PhD/Research/Literature/Journals, Proceedings and Reviews/Solar Energy 2/THERMAL AND OPTICAL CONSEQUENCES OF THE INTRODUCTION OF BAFFLES INTO COMPOUND PARABOLIC CONCENTRATING SOLAR ENERGY COLLECTOR CAVITIES.pdf:PDF},
  publisher = {Elsevier {BV}},
}

@Article{Suresh1990,
  author    = {D. Suresh and J. O{\textquotesingle}Gallagher and R. Winston},
  title     = {Thermal and optical performance test results for compound parabolic concentrators ({CPCs})},
  journal   = {Solar Energy},
  year      = {1990},
  volume    = {44},
  number    = {5},
  pages     = {257--270},
  doi       = {10.1016/0038-092x(90)90054-g},
  file      = {:C\:/Users/ferna/Google Drive/PhD/Research/Literature/Journals, Proceedings and Reviews/Solar Energy 2/THERMAL AND OPTICAL PERFORMANCE TEST RESULTS FOR COMPOUND PARABOLIC CONCENTRATORS (CPCs).pdf:PDF},
  publisher = {Elsevier {BV}},
}

@Article{Mallick2007b,
  author    = {Tapas K. Mallick and Philip C. Eames and Brian Norton},
  title     = {Using air flow to alleviate temperature elevation in solar cells within asymmetric compound parabolic concentrators},
  journal   = {Solar Energy},
  year      = {2007},
  volume    = {81},
  number    = {2},
  pages     = {173--184},
  doi       = {10.1016/j.solener.2006.04.003},
  file      = {:C\:/Users/ferna/Google Drive/PhD/Research/Literature/Journals, Proceedings and Reviews/Solar Energy 2/Using air flow to alleviate temperature elevation in solar cells within asymmetric compound parabolic concentrators.pdf:PDF},
  publisher = {Elsevier {BV}},
}

@Article{Eames1993a,
  author    = {P.C. Eames and B. Norton},
  title     = {Validated, unified model for optics and heat transfer in line-axis concentrating solar energy collectors},
  journal   = {Solar Energy},
  year      = {1993},
  volume    = {50},
  number    = {4},
  pages     = {339--355},
  doi       = {10.1016/0038-092x(93)90028-m},
  file      = {:C\:/Users/ferna/Google Drive/PhD/Research/Literature/Journals, Proceedings and Reviews/Solar Energy 2/VALIDATED, UNIFIED MODEL FOR OPTICS AND HEAT TRANSFER IN LINE-AXIS CONCENTRATING SOLAR ENERGY COLLECTORS.pdf:PDF},
  publisher = {Elsevier {BV}},
}

@Article{Motte2013a,
  author    = {Fabrice Motte and Gilles Notton and Christian Cristofari and Jean-Louis Canaletti},
  title     = {A building integrated solar collector: Performances characterization and first stage of numerical calculation},
  journal   = {Renewable Energy},
  year      = {2013},
  volume    = {49},
  pages     = {1--5},
  doi       = {10.1016/j.renene.2012.04.049},
  file      = {:C\:/Users/ferna/Google Drive/PhD/Research/Literature/Journals, Proceedings and Reviews/Renewable Energy/A building integrated solar collector Performances characterization and first stage of numerical calculation.pdf:PDF},
  publisher = {Elsevier {BV}},
}

@Article{Sproul2007,
  author    = {Alistair B. Sproul},
  title     = {Derivation of the solar geometric relationships using vector analysis},
  journal   = {Renewable Energy},
  year      = {2007},
  volume    = {32},
  number    = {7},
  pages     = {1187--1205},
  doi       = {10.1016/j.renene.2006.05.001},
  file      = {:C\:/Users/ferna/Google Drive/PhD/Research/Literature/Journals, Proceedings and Reviews/Renewable Energy/Derivation of the solar geometric relationships using vector analysis.pdf:PDF},
  publisher = {Elsevier {BV}},
}

@Article{Saxena2015,
  author    = {Abhishek Saxena and Ghanshyam Srivastava and Vineet Tirth},
  title     = {Design and thermal performance evaluation of a novel solar air heater},
  journal   = {Renewable Energy},
  year      = {2015},
  volume    = {77},
  pages     = {501--511},
  doi       = {10.1016/j.renene.2014.12.041},
  file      = {:C\:/Users/ferna/Google Drive/PhD/Research/Literature/Journals, Proceedings and Reviews/Renewable Energy/Design and thermal performance evaluation of a novel solar  air heater.pdf:PDF},
  publisher = {Elsevier {BV}},
}

@Article{Forson2007,
  author    = {F.K. Forson and M.A.A. Nazha and F.O. Akuffo and H. Rajakaruna},
  title     = {Design of mixed-mode natural convection solar crop dryers: Application of principles and rules of thumb},
  journal   = {Renewable Energy},
  year      = {2007},
  volume    = {32},
  number    = {14},
  pages     = {2306--2319},
  doi       = {10.1016/j.renene.2006.12.003},
  file      = {:C\:/Users/ferna/Google Drive/PhD/Research/Literature/Journals, Proceedings and Reviews/Renewable Energy/Design of mixed-mode natural convection solar crop dryers Application of principles and rules of thumb.pdf:PDF},
  publisher = {Elsevier {BV}},
}

@Article{Zomorodian2012,
  author    = {Ali Zomorodian and Maryam Zamanian},
  title     = {Designing and Evaluating an Innovative Solar Air Collector with Transpired Absorber and Cover},
  doi       = {10.5402/2012/282538},
  pages     = {1--5},
  volume    = {2012},
  file      = {:C\:/Users/ferna/Google Drive/PhD/Research/Literature/Journals, Proceedings and Reviews/Renewable Energy/Designing and Evaluating an Innovative Solar Air Collector with Transpired Absorber and Cover.pdf:PDF},
  journal   = {{ISRN} Renewable Energy},
  publisher = {Hindawi Limited},
  year      = {2012},
}

@Article{Sarsavadia2007,
  author    = {P.N. Sarsavadia},
  title     = {Development of a solar-assisted dryer and evaluation of energy requirement for the drying of onion},
  journal   = {Renewable Energy},
  year      = {2007},
  volume    = {32},
  number    = {15},
  pages     = {2529--2547},
  doi       = {10.1016/j.renene.2006.12.019},
  file      = {:C\:/Users/ferna/Google Drive/PhD/Research/Literature/Journals, Proceedings and Reviews/Renewable Energy/Development of a solar-assisted dryer and evaluation of energy requirement for the drying of onion.pdf:PDF},
  publisher = {Elsevier {BV}},
}

@Article{Kurtbas2004,
  author    = {Irfan Kurtbas and Aydin Durmus},
  title     = {Efficiency and exergy analysis of a new solar air heater},
  doi       = {10.1016/j.renene.2004.01.006},
  number    = {9},
  pages     = {1489--1501},
  volume    = {29},
  file      = {:C\:/Users/ferna/Google Drive/PhD/Research/Literature/Journals, Proceedings and Reviews/Renewable Energy/Efficiency and exergy analysis of a new solar air heater.pdf:PDF},
  journal   = {Renewable Energy},
  publisher = {Elsevier {BV}},
  year      = {2004},
}

@Article{Jafarkazemi2013,
  author    = {Farzad Jafarkazemi and Emad Ahmadifard},
  title     = {Energetic and exergetic evaluation of flat plate solar collectors},
  journal   = {Renewable Energy},
  year      = {2013},
  volume    = {56},
  pages     = {55--63},
  doi       = {10.1016/j.renene.2012.10.031},
  file      = {:C\:/Users/ferna/Google Drive/PhD/Research/Literature/Journals, Proceedings and Reviews/Renewable Energy/Energetic and exergetic evaluation of flat plate solar collectors.pdf:PDF},
  publisher = {Elsevier {BV}},
}

@Article{Sharma1995,
  author    = {Vinod Kumar Sharma and Antonio Colangelo and Giuseppe Spagna},
  title     = {Experimental investigation of different solar dryers suitable for fruit and vegetable drying},
  journal   = {Renewable Energy},
  year      = {1995},
  volume    = {6},
  number    = {4},
  pages     = {413--424},
  doi       = {10.1016/0960-1481(94)00075-h},
  file      = {:C\:/Users/ferna/Google Drive/PhD/Research/Literature/Journals, Proceedings and Reviews/Renewable Energy/EXPERIMENTAL INVESTIGATION OF DIFFERENT SOLAR DRYERS SUITABLE FOR FRUIT AND VEGETABLE DRYING.pdf:PDF},
  publisher = {Elsevier {BV}},
}

@Article{Prasad2005,
  author    = {Jaishree Prasad and V.K. Vijay},
  title     = {Experimental studies on drying of Zingiber officinale, Curcuma longa l. and Tinospora cordifolia in solar-biomass hybrid drier},
  journal   = {Renewable Energy},
  year      = {2005},
  volume    = {30},
  number    = {14},
  pages     = {2097--2109},
  doi       = {10.1016/j.renene.2005.02.007},
  file      = {:C\:/Users/ferna/Google Drive/PhD/Research/Literature/Journals, Proceedings and Reviews/Renewable Energy/Experimental studies on drying of Zingiber officinale, Curcuma longa l. and Tinospora cordifolia in solar-biomass hybrid drier.pdf:PDF},
  publisher = {Elsevier {BV}},
}

@Article{Simate2003,
  author    = {I.N Simate},
  title     = {Optimization of mixed-mode and indirect-mode natural convection solar dryers},
  journal   = {Renewable Energy},
  year      = {2003},
  volume    = {28},
  number    = {3},
  pages     = {435--453},
  doi       = {10.1016/s0960-1481(02)00041-1},
  file      = {:C\:/Users/ferna/Google Drive/PhD/Research/Literature/Journals, Proceedings and Reviews/Renewable Energy/Optimization of mixed-mode and indirect-mode natural convection solar dryers.pdf:PDF},
  publisher = {Elsevier {BV}},
}

@Article{Karsli2007,
  author    = {Suleyman Karsli},
  title     = {Performance analysis of new-design solar air collectors for drying applications},
  journal   = {Renewable Energy},
  year      = {2007},
  volume    = {32},
  number    = {10},
  pages     = {1645--1660},
  doi       = {10.1016/j.renene.2006.08.005},
  file      = {:C\:/Users/ferna/Google Drive/PhD/Research/Literature/Journals, Proceedings and Reviews/Renewable Energy/Performance analysis of new-design solar air collectors for drying applications.pdf:PDF},
  publisher = {Elsevier {BV}},
}

@Article{Janjai2005,
  author    = {S. Janjai and P. Tung},
  title     = {Performance of a solar dryer using hot air from roof-integrated solar collectors for drying herbs and spices},
  journal   = {Renewable Energy},
  year      = {2005},
  volume    = {30},
  number    = {14},
  pages     = {2085--2095},
  doi       = {10.1016/j.renene.2005.02.006},
  file      = {:C\:/Users/ferna/Google Drive/PhD/Research/Literature/Journals, Proceedings and Reviews/Renewable Energy/Performance of a solar dryer using hot air from roof-integrated solar collectors for drying herbs and spices.pdf:PDF},
  publisher = {Elsevier {BV}},
}

@Article{Mondol2007,
  author    = {Jayanta Deb Mondol and Yigzaw G. Yohanis and Brian Norton},
  title     = {The impact of array inclination and orientation on the performance of a grid-connected photovoltaic system},
  journal   = {Renewable Energy},
  year      = {2007},
  volume    = {32},
  number    = {1},
  pages     = {118--140},
  doi       = {10.1016/j.renene.2006.05.006},
  file      = {:C\:/Users/ferna/Google Drive/PhD/Research/Literature/Journals, Proceedings and Reviews/Renewable Energy/The impact of array inclination and orientation on the performance of a grid-connected photovoltaic system.pdf:PDF},
  publisher = {Elsevier {BV}},
}

@Article{Hellstrom2003,
  author    = {B Hellstrom and M Adsten and P Nostell and B Karlsson and E Wackelgard},
  title     = {The impact of optical and thermal properties on the performance of flat plate solar collectors},
  journal   = {Renewable Energy},
  year      = {2003},
  volume    = {28},
  number    = {3},
  pages     = {331--344},
  doi       = {10.1016/s0960-1481(02)00040-x},
  file      = {:C\:/Users/ferna/Google Drive/PhD/Research/Literature/Journals, Proceedings and Reviews/Renewable Energy/The impact of optical and thermal properties on the performance of flat plate solar collectors.pdf:PDF},
  publisher = {Elsevier {BV}},
}

@Article{Pramuang2005,
  author    = {S. Pramuang and R.H.B. Exell},
  title     = {Transient test of a solar air heater with a compound parabolic concentrator},
  journal   = {Renewable Energy},
  year      = {2005},
  volume    = {30},
  number    = {5},
  pages     = {715--728},
  doi       = {10.1016/j.renene.2004.01.013},
  file      = {:C\:/Users/ferna/Google Drive/PhD/Research/Literature/Journals, Proceedings and Reviews/Renewable Energy/Transient test of a solar air heater with a compound parabolic concentrator.pdf:PDF},
  publisher = {Elsevier {BV}},
}

@Article{Murthy2009,
  author    = {M.V. Ramana Murthy},
  title     = {A review of new technologies, models and experimental investigations of solar driers},
  journal   = {Renewable and Sustainable Energy Reviews},
  year      = {2009},
  volume    = {13},
  number    = {4},
  pages     = {835--844},
  doi       = {10.1016/j.rser.2008.02.010},
  file      = {:C\:/Users/ferna/Google Drive/PhD/Research/Literature/Journals, Proceedings and Reviews/Renewable and Sustainable Energy Reviews/A review of new technologies, models and experimental investigations of solar driers.pdf:PDF},
  publisher = {Elsevier {BV}},
}

@Article{VijayaVenkataRaman2012,
  author    = {S. VijayaVenkataRaman and S. Iniyan and Ranko Goic},
  title     = {A review of solar drying technologies},
  journal   = {Renewable and Sustainable Energy Reviews},
  year      = {2012},
  volume    = {16},
  number    = {5},
  pages     = {2652--2670},
  doi       = {10.1016/j.rser.2012.01.007},
  file      = {:C\:/Users/ferna/Google Drive/PhD/Research/Literature/Journals, Proceedings and Reviews/Renewable and Sustainable Energy Reviews/A review of solar drying technologies.pdf:PDF},
  publisher = {Elsevier {BV}},
}

@Article{Pirasteh2014,
  author    = {G. Pirasteh and R. Saidur and S.M.A. Rahman and N.A. Rahim},
  title     = {A review on development of solar drying applications},
  journal   = {Renewable and Sustainable Energy Reviews},
  year      = {2014},
  volume    = {31},
  pages     = {133--148},
  doi       = {10.1016/j.rser.2013.11.052},
  file      = {:C\:/Users/ferna/Google Drive/PhD/Research/Literature/Journals, Proceedings and Reviews/Renewable and Sustainable Energy Reviews/A review on development of solar drying applications.pdf:PDF},
  publisher = {Elsevier {BV}},
}

@Article{Shukla2012,
  author    = {Ashish Shukla and Dan Nchelatebe Nkwetta and Y.J. Cho and Vicki Stevenson and Phil Jones},
  title     = {A state of art review on the performance of transpired solar collector},
  journal   = {Renewable and Sustainable Energy Reviews},
  year      = {2012},
  volume    = {16},
  number    = {6},
  pages     = {3975--3985},
  doi       = {10.1016/j.rser.2012.02.029},
  file      = {:C\:/Users/ferna/Google Drive/PhD/Research/Literature/Journals, Proceedings and Reviews/Renewable and Sustainable Energy Reviews/A state of art review on the performance of transpired solar collector.pdf:PDF},
  publisher = {Elsevier {BV}},
}

@Article{Buker2015,
  author    = {Mahmut Sami Buker and Saffa B. Riffat},
  title     = {Building integrated solar thermal collectors {\textendash} A review},
  journal   = {Renewable and Sustainable Energy Reviews},
  year      = {2015},
  volume    = {51},
  pages     = {327--346},
  doi       = {10.1016/j.rser.2015.06.009},
  file      = {:C\:/Users/ferna/Google Drive/PhD/Research/Literature/Journals, Proceedings and Reviews/Renewable and Sustainable Energy Reviews/Building integrated solar thermal collectors–A review.pdf:PDF},
  publisher = {Elsevier {BV}},
}

@Article{Fang2014,
  author    = {Yueping Fang and Trevor J. Hyde and Farid Arya and Neil Hewitt and Philip C. Eames and Brian Norton and Seth Miller},
  title     = {Indium alloy-sealed vacuum glazing development and context},
  journal   = {Renewable and Sustainable Energy Reviews},
  year      = {2014},
  volume    = {37},
  pages     = {480--501},
  doi       = {10.1016/j.rser.2014.05.029},
  file      = {:C\:/Users/ferna/Google Drive/PhD/Research/Literature/Journals, Proceedings and Reviews/Renewable and Sustainable Energy Reviews/Indium alloy-sealed vacuum glazing development and context.pdf:PDF},
  publisher = {Elsevier {BV}},
}

@Article{Lamnatou2015,
  author    = {Chr. Lamnatou and J.D. Mondol and D. Chemisana and C. Maurer},
  title     = {Modelling and simulation of Building-Integrated solar thermal systems: Behaviour of the coupled building/system configuration},
  journal   = {Renewable and Sustainable Energy Reviews},
  year      = {2015},
  volume    = {48},
  pages     = {178--191},
  doi       = {10.1016/j.rser.2015.03.075},
  file      = {:C\:/Users/ferna/Google Drive/PhD/Research/Literature/Journals, Proceedings and Reviews/Renewable and Sustainable Energy Reviews/Modelling and simulation of Building-Integrated solar thermal systems Behaviour of the coupled building system configuration.pdf:PDF},
  publisher = {Elsevier {BV}},
}

@Article{Notton2014,
  author    = {Gilles Notton and Fabrice Motte and Christian Cristofari and Jean-Louis Canaletti},
  title     = {Performances and numerical optimization of a novel thermal solar collector for residential building},
  journal   = {Renewable and Sustainable Energy Reviews},
  year      = {2014},
  volume    = {33},
  pages     = {60--73},
  doi       = {10.1016/j.rser.2014.01.061},
  file      = {:C\:/Users/ferna/Google Drive/PhD/Research/Literature/Journals, Proceedings and Reviews/Renewable and Sustainable Energy Reviews/Performances and numerical optimization of a novel thermal solar collector for residential building.pdf:PDF},
  publisher = {Elsevier {BV}},
}

@Article{Fudholi2010,
  author    = {A. Fudholi and K. Sopian and M.H. Ruslan and M.A. Alghoul and M.Y. Sulaiman},
  title     = {Review of solar dryers for agricultural and marine products},
  journal   = {Renewable and Sustainable Energy Reviews},
  year      = {2010},
  volume    = {14},
  number    = {1},
  pages     = {1--30},
  doi       = {10.1016/j.rser.2009.07.032},
  file      = {:C\:/Users/ferna/Google Drive/PhD/Research/Literature/Journals, Proceedings and Reviews/Renewable and Sustainable Energy Reviews/Review of solar dryers for agricultural and marine products.pdf:PDF},
  publisher = {Elsevier {BV}},
}

@Article{Fudholi2015,
  author    = {Ahmad Fudholi and Kamaruzzaman Sopian and B. Bakhtyar and Mohamed Gabbasa and Mohd Yusof Othman and Mohd Hafidz Ruslan},
  title     = {Review of solar drying systems with air based solar collectors in Malaysia},
  journal   = {Renewable and Sustainable Energy Reviews},
  year      = {2015},
  volume    = {51},
  pages     = {1191--1204},
  doi       = {10.1016/j.rser.2015.07.026},
  file      = {:C\:/Users/ferna/Google Drive/PhD/Research/Literature/Journals, Proceedings and Reviews/Renewable and Sustainable Energy Reviews/Review of solar drying systems with air based solar collectors in Malaysia.pdf:PDF},
  publisher = {Elsevier {BV}},
}

@Article{Tyagi2012,
  author    = {V.V. Tyagi and N.L. Panwar and N.A. Rahim and Richa Kothari},
  title     = {Review on solar air heating system with and without thermal energy storage system},
  journal   = {Renewable and Sustainable Energy Reviews},
  year      = {2012},
  volume    = {16},
  number    = {4},
  pages     = {2289--2303},
  doi       = {10.1016/j.rser.2011.12.005},
  file      = {:C\:/Users/ferna/Google Drive/PhD/Research/Literature/Journals, Proceedings and Reviews/Renewable and Sustainable Energy Reviews/Review on solar air heating system with and without thermal energy storage system.pdf:PDF},
  publisher = {Elsevier {BV}},
}

@Article{El-Sebaii2012,
  author    = {A.A. El-Sebaii and S.M. Shalaby},
  title     = {Solar drying of agricultural products: A review},
  journal   = {Renewable and Sustainable Energy Reviews},
  year      = {2012},
  volume    = {16},
  number    = {1},
  pages     = {37--43},
  doi       = {10.1016/j.rser.2011.07.134},
  file      = {:C\:/Users/ferna/Google Drive/PhD/Research/Literature/Journals, Proceedings and Reviews/Renewable and Sustainable Energy Reviews/Solar drying of agricultural products A review.pdf:PDF},
  publisher = {Elsevier {BV}},
}

@Article{Sharma2009,
  author    = {Atul Sharma and C.R. Chen and Nguyen Vu Lan},
  title     = {Solar-energy drying systems: A review},
  journal   = {Renewable and Sustainable Energy Reviews},
  year      = {2009},
  volume    = {13},
  number    = {6-7},
  pages     = {1185--1210},
  doi       = {10.1016/j.rser.2008.08.015},
  file      = {:C\:/Users/ferna/Google Drive/PhD/Research/Literature/Journals, Proceedings and Reviews/Renewable and Sustainable Energy Reviews/Solar-energy drying systems A review.pdf:PDF},
  publisher = {Elsevier {BV}},
}

@Article{Nematchoua2015,
  author    = {Modeste Kameni Nematchoua and Chrysost{\^{o}}me R.R. Raminosoa and Ramaroson Mamiharijaona and Tchinda Ren{\'{e}} and Jos{\'{e}} A. Orosa and Watis Elvis and Pierre Meukam},
  title     = {Study of the economical and optimum thermal insulation thickness for buildings in a wet and hot tropical climate: Case of Cameroon},
  journal   = {Renewable and Sustainable Energy Reviews},
  year      = {2015},
  volume    = {50},
  pages     = {1192--1202},
  doi       = {10.1016/j.rser.2015.05.066},
  file      = {:C\:/Users/ferna/GOOGLE~1/PhD/Research/LITERA~1/JOURNA~1/RENEWA~2/STUDYO~1.PDF:PDF},
  publisher = {Elsevier {BV}},
}

@Article{Tripanagnostopoulos2000,
  author    = {Y Tripanagnostopoulos and P Yianoulis and S Papaefthimiou and S Zafeiratos},
  title     = {{CPC} Solar Collectors With Flat Bifacial Absorbers},
  journal   = {Solar Energy},
  year      = {2000},
  volume    = {69},
  number    = {3},
  pages     = {191--203},
  doi       = {10.1016/s0038-092x(00)00061-x},
  file      = {:C\:/Users/ferna/Google Drive/PhD/Research/Literature/Journals, Proceedings and Reviews/Solar Energy 3/CPC SOLAR COLLECTORS WITH FLAT BIFACIAL ABSORBERS.pdf:PDF},
  publisher = {Elsevier {BV}},
}

@Article{Tripanagnostopoulos2000a,
  author    = {Y Tripanagnostopoulos and M Souliotis and Th Nousia},
  title     = {Solar collectors with colored absorbers},
  journal   = {Solar Energy},
  year      = {2000},
  volume    = {68},
  number    = {4},
  pages     = {343--356},
  doi       = {10.1016/s0038-092x(00)00031-1},
  file      = {:C\:/Users/ferna/Google Drive/PhD/Research/Literature/Journals, Proceedings and Reviews/Solar Energy 3/SOLAR COLLECTORS WITH COLORED ABSORBERS.pdf:PDF},
  publisher = {Elsevier {BV}},
}

@Article{Furbo2003,
  author    = {S. Furbo and L. Jivan Shah},
  title     = {Thermal advantages for solar heating systems with a glass cover with antireflection surfaces},
  journal   = {Solar Energy},
  year      = {2003},
  volume    = {74},
  number    = {6},
  pages     = {513--523},
  doi       = {10.1016/s0038-092x(03)00186-5},
  file      = {:C\:/Users/ferna/Google Drive/PhD/Research/Literature/Journals, Proceedings and Reviews/Solar Energy 3/Thermal advantages for solar heating systems with a glass cover with antireflection surfaces.pdf:PDF},
  publisher = {Elsevier {BV}},
}

@Article{Abu-Hamdeh2003,
  author    = {Nidal H. Abu-Hamdeh},
  title     = {Simulation study of solar air heater},
  journal   = {Solar Energy},
  year      = {2003},
  volume    = {74},
  number    = {4},
  pages     = {309--317},
  doi       = {10.1016/s0038-092x(03)00189-0},
  file      = {:C\:/Users/ferna/Google Drive/PhD/Research/Literature/Journals, Proceedings and Reviews/Solar Energy 3/Simulation study of solar air heater.pdf:PDF},
  publisher = {Elsevier {BV}},
}

@Article{Khoukhi2003,
  author    = {Maatouk Khoukhi and Shigenao Maruyama and Seigo Sakai and Masud Behnia},
  title     = {Combined non-gray radiative and conductive heat transfer in solar collector glass cover},
  journal   = {Solar Energy},
  year      = {2003},
  volume    = {75},
  number    = {4},
  pages     = {285--293},
  doi       = {10.1016/j.solener.2003.08.027},
  file      = {:C\:/Users/ferna/Google Drive/PhD/Research/Literature/Journals, Proceedings and Reviews/Solar Energy 3/Combined non-gray radiative and conductive heat transfer in solar collector glass cover.pdf:PDF},
  publisher = {Elsevier {BV}},
}

@Article{Alvarez2004,
  author    = {G. Alvarez and J. Arce and L. Lira and M.R. Heras},
  title     = {Thermal performance of an air solar collector with an absorber plate made of recyclable aluminum cans},
  journal   = {Solar Energy},
  year      = {2004},
  volume    = {77},
  number    = {1},
  pages     = {107--113},
  doi       = {10.1016/j.solener.2004.02.007},
  file      = {:C\:/Users/ferna/Google Drive/PhD/Research/Literature/Journals, Proceedings and Reviews/Solar Energy 3/Thermal performance of an air solar collector with an absorber plate made of recyclable aluminum cans.pdf:PDF},
  publisher = {Elsevier {BV}},
}

@Article{Khoukhi2006,
  author    = {Maatouk Khoukhi and Shigenao Maruyama},
  title     = {Theoretical approach of a flat-plate solar collector taking into account the absorption and emission within glass cover layer},
  journal   = {Solar Energy},
  year      = {2006},
  volume    = {80},
  number    = {7},
  pages     = {787--794},
  doi       = {10.1016/j.solener.2005.06.002},
  file      = {:C\:/Users/ferna/Google Drive/PhD/Research/Literature/Journals, Proceedings and Reviews/Solar Energy 3/Theoretical approach of a flat-plate solar collector taking into account the absorption and emission.pdf:PDF},
  publisher = {Elsevier {BV}},
}

@Article{Tonui2007,
  author    = {J.K. Tonui and Y. Tripanagnostopoulos},
  title     = {Air-cooled {PV}/T solar collectors with low cost performance improvements},
  journal   = {Solar Energy},
  year      = {2007},
  volume    = {81},
  number    = {4},
  pages     = {498--511},
  doi       = {10.1016/j.solener.2006.08.002},
  file      = {:C\:/Users/ferna/Google Drive/PhD/Research/Literature/Journals, Proceedings and Reviews/Solar Energy 3/Air-cooled PVT solar collectors with low cost performance improvements.pdf:PDF},
  publisher = {Elsevier {BV}},
}

@Article{Tonui2008,
  author    = {J.K. Tonui and Y. Tripanagnostopoulos},
  title     = {Performance improvement of {PV}/T solar collectors with natural air flow operation},
  journal   = {Solar Energy},
  year      = {2008},
  volume    = {82},
  number    = {1},
  pages     = {1--12},
  doi       = {10.1016/j.solener.2007.06.004},
  file      = {:C\:/Users/ferna/Google Drive/PhD/Research/Literature/Journals, Proceedings and Reviews/Solar Energy 3/Performance improvement of PVT solar collectors with natural air flow operation.pdf:PDF},
  publisher = {Elsevier {BV}},
}

@Article{Dubey2008,
  author    = {Swapnil Dubey and G.N. Tiwari},
  title     = {Thermal modeling of a combined system of photovoltaic thermal ({PV}/T) solar water heater},
  journal   = {Solar Energy},
  year      = {2008},
  volume    = {82},
  number    = {7},
  pages     = {602--612},
  doi       = {10.1016/j.solener.2008.02.005},
  file      = {:C\:/Users/ferna/Google Drive/PhD/Research/Literature/Journals, Proceedings and Reviews/Solar Energy 3/Thermal modeling of a combined system of photovoltaic thermal (PVT) solar water heater.pdf:PDF},
  publisher = {Elsevier {BV}},
}

@Article{Rojas2008,
  author    = {D. Rojas and J. Beermann and S.A. Klein and D.T. Reindl},
  title     = {Thermal performance testing of flat-plate collectors},
  journal   = {Solar Energy},
  year      = {2008},
  volume    = {82},
  number    = {8},
  pages     = {746--757},
  doi       = {10.1016/j.solener.2008.02.001},
  file      = {:C\:/Users/ferna/Google Drive/PhD/Research/Literature/Journals, Proceedings and Reviews/Solar Energy 3/Thermal performance testing of flat-plate collectors.pdf:PDF},
  publisher = {Elsevier {BV}},
}

@Article{Garcia-Botella2009,
  author    = {Angel Garcia-Botella and Antonio Alvarez Fernandez-Balbuena and Daniel V{\'{a}}zquez and Eusebio Bernabeu},
  title     = {Ideal 3D asymmetric concentrator},
  journal   = {Solar Energy},
  year      = {2009},
  volume    = {83},
  number    = {1},
  pages     = {113--117},
  doi       = {10.1016/j.solener.2008.07.004},
  file      = {:C\:/Users/ferna/Google Drive/PhD/Research/Literature/Journals, Proceedings and Reviews/Solar Energy 3/Ideal 3D asymmetric concentrator.pdf:PDF},
  publisher = {Elsevier {BV}},
}

@Article{Villar2009,
  author    = {N. Molero Villar and J.M. Cejudo L{\'{o}}pez and F. Dom{\'{\i}}nguez Mu{\~{n}}oz and E. Rodr{\'{\i}}guez Garc{\'{\i}}a and A. Carrillo Andr{\'{e}}s},
  title     = {Numerical 3-D heat flux simulations on flat plate solar collectors},
  journal   = {Solar Energy},
  year      = {2009},
  volume    = {83},
  number    = {7},
  pages     = {1086--1092},
  doi       = {10.1016/j.solener.2009.01.014},
  file      = {:C\:/Users/ferna/Google Drive/PhD/Research/Literature/Journals, Proceedings and Reviews/Solar Energy 3/Numerical 3-D heat flux simulations on flat plate solar collectors.pdf:PDF},
  publisher = {Elsevier {BV}},
}

@Article{Cadafalch2009,
  author    = {J. Cadafalch},
  title     = {A detailed numerical model for flat-plate solar thermal devices},
  journal   = {Solar Energy},
  year      = {2009},
  volume    = {83},
  number    = {12},
  pages     = {2157--2164},
  doi       = {10.1016/j.solener.2009.08.013},
  file      = {:C\:/Users/ferna/Google Drive/PhD/Research/Literature/Journals, Proceedings and Reviews/Solar Energy 3/A detailed numerical model for flat-plate solar thermal devices.pdf:PDF},
  publisher = {Elsevier {BV}},
}

@Article{Singh2012,
  author    = {H. Singh and P.C. Eames},
  title     = {Correlations for natural convective heat exchange in {CPC} solar collector cavities determined from experimental measurements},
  journal   = {Solar Energy},
  year      = {2012},
  volume    = {86},
  number    = {9},
  pages     = {2443--2457},
  doi       = {10.1016/j.solener.2012.05.014},
  file      = {:C\:/Users/ferna/Google Drive/PhD/Research/Literature/Journals, Proceedings and Reviews/Solar Energy 3/Correlations for natural convective heat exchange in CPC solar collector cavities determined from experimental measurements.pdf:PDF},
  publisher = {Elsevier {BV}},
}

@Article{Reichl2013,
  author    = {Ch. Reichl and F. Hengstberger and Ch. Zauner},
  title     = {Heat transfer mechanisms in a compound parabolic concentrator: Comparison of computational fluid dynamics simulations to particle image velocimetry and local temperature measurements},
  journal   = {Solar Energy},
  year      = {2013},
  volume    = {97},
  pages     = {436--446},
  doi       = {10.1016/j.solener.2013.09.003},
  file      = {:C\:/Users/ferna/Google Drive/PhD/Research/Literature/Journals, Proceedings and Reviews/Solar Energy 3/Heat transfer mechanisms in a compound parabolic concentrator Comparison of computational fluid dynamics simulations.pdf:PDF},
  publisher = {Elsevier {BV}},
}

@Article{Bilgen2008,
  author    = {E. Bilgen and B.J.D. Bakeka},
  title     = {Solar collector systems to provide hot air in rural applications},
  journal   = {Renewable Energy},
  year      = {2008},
  volume    = {33},
  number    = {7},
  pages     = {1461--1468},
  doi       = {10.1016/j.renene.2007.09.018},
  file      = {:C\:/Users/ferna/Google Drive/PhD/Research/Literature/Journals, Proceedings and Reviews/Renewable Energy/Solar collector systems to provide hot air in rural applications.pdf:PDF},
  publisher = {Elsevier {BV}},
}

@Article{Kudish2003,
  author    = {Avraham I. Kudish and Efim G. Evseev and Gerd Walter and Thomas Priebe},
  title     = {Coaxial tubular solar collector constructed from polymeric materials: an experimental and transient simulation study},
  journal   = {Energy Conversion and Management},
  year      = {2003},
  volume    = {44},
  number    = {16},
  pages     = {2549--2566},
  doi       = {10.1016/s0196-8904(03)00017-7},
  file      = {:C\:/Users/ferna/Google Drive/PhD/Research/Literature/Journals, Proceedings and Reviews/Energy Conversion and Management/Coaxial tubular solar collector constructed from polymeric materials an experimental and transient simulation study.pdf:PDF},
  publisher = {Elsevier {BV}},
}

@Article{Rosell2005,
  author    = {J.I. Rosell and X. Vallverd{\'{u}} and M.A. Lech{\'{o}}n and M. Ib{\'{a}}{\~{n}}ez},
  title     = {Design and simulation of a low concentrating photovoltaic/thermal system},
  journal   = {Energy Conversion and Management},
  year      = {2005},
  volume    = {46},
  number    = {18-19},
  pages     = {3034--3046},
  doi       = {10.1016/j.enconman.2005.01.012},
  file      = {:C\:/Users/ferna/Google Drive/PhD/Research/Literature/Journals, Proceedings and Reviews/Energy Conversion and Management/Design and simulation of a low concentrating photovoltaic-thermal system.pdf:PDF},
  publisher = {Elsevier {BV}},
}

@Article{Badescu2008,
  author    = {Viorel Badescu},
  title     = {Optimal control of flow in solar collector systems with fully mixed water storage tanks},
  journal   = {Energy Conversion and Management},
  year      = {2008},
  volume    = {49},
  number    = {2},
  pages     = {169--184},
  doi       = {10.1016/j.enconman.2007.06.022},
  file      = {:C\:/Users/ferna/Google Drive/PhD/Research/Literature/Journals, Proceedings and Reviews/Energy Conversion and Management/Optimal control of flow in solar collector systems with fully mixed water storage tanks.pdf:PDF},
  publisher = {Elsevier {BV}},
}

@Article{Hegazy2000,
  author    = {Adel A. Hegazy},
  title     = {Comparative study of the performances of four photovoltaic/thermal solar air collectors},
  journal   = {Energy Conversion and Management},
  year      = {2000},
  volume    = {41},
  number    = {8},
  pages     = {861--881},
  doi       = {10.1016/s0196-8904(99)00136-3},
  file      = {:C\:/Users/ferna/Google Drive/PhD/Research/Literature/Journals, Proceedings and Reviews/Energy Conversion and Management/Comparative study of the performances of four photovoltaic-thermal solar air collectors.pdf:PDF},
  publisher = {Elsevier {BV}},
}

@Article{Shah2004,
  author    = {L.J. Shah and S. Furbo},
  title     = {Vertical evacuated tubular-collectors utilizing solar radiation from all directions},
  journal   = {Applied Energy},
  year      = {2004},
  volume    = {78},
  number    = {4},
  pages     = {371--395},
  doi       = {10.1016/j.apenergy.2003.10.004},
  file      = {:C\:/Users/ferna/Google Drive/PhD/Research/Literature/Journals, Proceedings and Reviews/Applied Energy/Vertical evacuated tubular-collectors utilizing solar radiation from all directions.pdf:PDF},
  publisher = {Elsevier {BV}},
}

@Article{Torres-Reyes2002,
  author    = {E. Torres-Reyes and J.J. Navarrete-Gonzalez and B.A. Ibarra-Salazar},
  title     = {Thermodynamic method for designing dryers operated by flat-plate solar collectors},
  journal   = {Renewable Energy},
  year      = {2002},
  volume    = {26},
  number    = {4},
  pages     = {649--660},
  doi       = {10.1016/s0960-1481(01)00147-1},
  file      = {:C\:/Users/ferna/Google Drive/PhD/Research/Literature/Journals, Proceedings and Reviews/Renewable Energy/Thermodynamic method for designing dryers operated by flat-plate solar collectors.pdf:PDF},
  publisher = {Elsevier {BV}},
}

@Article{Ammari2003,
  author    = {H.D. Ammari},
  title     = {A mathematical model of thermal performance of a solar air heater with slats},
  journal   = {Renewable Energy},
  year      = {2003},
  volume    = {28},
  number    = {10},
  pages     = {1597--1615},
  doi       = {10.1016/s0960-1481(02)00253-7},
  file      = {:C\:/Users/ferna/Google Drive/PhD/Research/Literature/Journals, Proceedings and Reviews/Renewable Energy/A mathematical model of thermal performance of a solar air heater with slats.pdf:PDF},
  publisher = {Elsevier {BV}},
}

@Article{Koyuncu2006,
  author    = {Turhan Koyuncu},
  title     = {Performance of various design of solar air heaters for crop drying applications},
  journal   = {Renewable Energy},
  year      = {2006},
  volume    = {31},
  number    = {7},
  pages     = {1073--1088},
  doi       = {10.1016/j.renene.2005.05.017},
  file      = {:C\:/Users/ferna/Google Drive/PhD/Research/Literature/Journals, Proceedings and Reviews/Renewable Energy/Performance of various design of solar air heaters.pdf:PDF},
  publisher = {Elsevier {BV}},
}

@Article{Peng2010,
  author    = {Donggen Peng and Xiaosong Zhang and Hua Dong and Kun Lv},
  title     = {Performance study of a novel solar air collector},
  journal   = {Applied Thermal Engineering},
  year      = {2010},
  volume    = {30},
  number    = {16},
  pages     = {2594--2601},
  doi       = {10.1016/j.applthermaleng.2010.07.010},
  file      = {:C\:/Users/ferna/Google Drive/PhD/Research/Literature/Journals, Proceedings and Reviews/Applied Thermal Engineering/Performance study of a novel solar air collector.pdf:PDF},
  publisher = {Elsevier {BV}},
}

@Article{Singh2011,
  author    = {Harjit Singh and Philip C. Eames},
  title     = {A review of natural convective heat transfer correlations in rectangular cross-section cavities and their potential applications to compound parabolic concentrating ({CPC}) solar collector cavities},
  journal   = {Applied Thermal Engineering},
  year      = {2011},
  volume    = {31},
  number    = {14-15},
  pages     = {2186--2196},
  doi       = {10.1016/j.applthermaleng.2011.05.032},
  file      = {:C\:/Users/ferna/GOOGLE~1/PhD/Research/LITERA~1/JOURNA~1/APPLIE~2/AREVIE~1.PDF:PDF},
  publisher = {Elsevier {BV}},
}

@Article{Garg2000,
  author    = {H.P Garg and R Kumar},
  title     = {Studies on semi-cylindrical solar tunnel dryers: thermal performance of collector},
  journal   = {Applied Thermal Engineering},
  year      = {2000},
  volume    = {20},
  number    = {2},
  pages     = {115--131},
  doi       = {10.1016/s1359-4311(99)00017-4},
  file      = {:C\:/Users/ferna/Google Drive/PhD/Research/Literature/Journals, Proceedings and Reviews/Applied Thermal Engineering/Studies on semi-cylindrical solar tunnel dryers - thermal performance of collector.pdf:PDF},
  publisher = {Elsevier {BV}},
}

@Article{Ali2013,
  author    = {Imhamed M. Saleh Ali and Tadhg S. O'Donovan and K.S. Reddy and Tapas K. Mallick},
  title     = {An optical analysis of a static 3-D solar concentrator},
  journal   = {Solar Energy},
  year      = {2013},
  volume    = {88},
  pages     = {57--70},
  doi       = {10.1016/j.solener.2012.11.004},
  file      = {:C\:/Users/ferna/Google Drive/PhD/Research/Literature/Journals, Proceedings and Reviews/Solar Energy 3/An optical analysis of a static 3-D solar concentrator.pdf:PDF},
  publisher = {Elsevier {BV}},
}

@Article{Magnin2014,
  author    = {V. Magnin and J. Harari and M. Halbwax and S. Bastide and D. Cherfi and J.-P. Vilcot},
  title     = {Angle-dependent ray tracing simulations of reflections on pyramidal textures for silicon solar cells},
  journal   = {Solar Energy},
  year      = {2014},
  volume    = {110},
  pages     = {378--385},
  doi       = {10.1016/j.solener.2014.09.025},
  file      = {:C\:/Users/ferna/Google Drive/PhD/Research/Literature/Journals, Proceedings and Reviews/Solar Energy 3/Angle-dependent ray tracing simulations of reflections on pyramidal textures for silicon solar cells.pdf:PDF},
  publisher = {Elsevier {BV}},
}

@Article{Ali2014,
  author    = {Imhamed M. Saleh Ali and T. Srihari Vikram and Tadhg S. O'Donovan and K.S. Reddy and Tapas K. Mallick},
  title     = {Design and experimental analysis of a static 3-D elliptical hyperboloid concentrator for process heat applications},
  journal   = {Solar Energy},
  year      = {2014},
  volume    = {102},
  pages     = {257--266},
  doi       = {10.1016/j.solener.2014.01.031},
  file      = {:C\:/Users/ferna/Google Drive/PhD/Research/Literature/Journals, Proceedings and Reviews/Solar Energy 3/Design and experimental analysis of a static 3-D elliptical hyperboloid concentrator for process heat applications.pdf:PDF},
  publisher = {Elsevier {BV}},
}

@Article{Bellos2016,
  author    = {E. Bellos and D. Korres and C. Tzivanidis and K.A. Antonopoulos},
  title     = {Design, simulation and optimization of a compound parabolic collector},
  journal   = {Sustainable Energy Technologies and Assessments},
  year      = {2016},
  volume    = {16},
  pages     = {53--63},
  doi       = {10.1016/j.seta.2016.04.005},
  file      = {:C\:/Users/ferna/Google Drive/PhD/Research/Literature/Journals, Proceedings and Reviews/General Journals/Design, simulation and optimization of a compound parabolic collector.pdf:PDF},
  publisher = {Elsevier {BV}},
}

@Article{Binotti2013,
  author    = {Marco Binotti and Guangdong Zhu and Allison Gray and Giampaolo Manzolini and Paolo Silva},
  title     = {Geometric analysis of three-dimensional effects of parabolic trough collectors},
  journal   = {Solar Energy},
  year      = {2013},
  volume    = {88},
  pages     = {88--96},
  doi       = {10.1016/j.solener.2012.10.025},
  file      = {:C\:/Users/ferna/Google Drive/PhD/Research/Literature/Journals, Proceedings and Reviews/Solar Energy 3/Geometric analysis of three-dimensional effects of parabolic trough collectors.pdf:PDF},
  publisher = {Elsevier {BV}},
}

@Article{Abdullahi2015,
  author    = {B. Abdullahi and R.K. Al-Dadah and S. Mahmoud and R. Hood},
  title     = {Optical and thermal performance of double receiver compound parabolic concentrator},
  doi       = {10.1016/j.apenergy.2015.08.063},
  pages     = {1--10},
  volume    = {159},
  file      = {:C\:/Users/ferna/Google Drive/PhD/Research/Literature/Journals, Proceedings and Reviews/Applied Energy/Optical and thermal performance of double receiver compound parabolic.pdf:PDF},
  journal   = {Applied Energy},
  publisher = {Elsevier {BV}},
  year      = {2015},
}

@Article{Benrejeb2015,
  author    = {Raouf Benrejeb and Olfa Helal and Bechir Chaouachi},
  title     = {Optical and thermal performances improvement of an {ICS} solar water heater system},
  journal   = {Solar Energy},
  year      = {2015},
  volume    = {112},
  pages     = {108--119},
  doi       = {10.1016/j.solener.2014.11.011},
  file      = {:C\:/Users/ferna/Google Drive/PhD/Research/Literature/Journals, Proceedings and Reviews/Solar Energy 3/Optical and thermal performances improvement of an ICS solar water heater system.pdf:PDF},
  publisher = {Elsevier {BV}},
}

@Article{Leutz2007,
  author    = {Ralf Leutz and Hans Philipp Annen},
  title     = {Reverse ray-tracing model for the performance evaluation of stationary solar concentrators},
  journal   = {Solar Energy},
  year      = {2007},
  volume    = {81},
  number    = {6},
  pages     = {761--767},
  doi       = {10.1016/j.solener.2006.10.006},
  file      = {:C\:/Users/ferna/Google Drive/PhD/Research/Literature/Journals, Proceedings and Reviews/Solar Energy 3/Reverse ray-tracing model for the performance evaluation of stationary solar concentrators.pdf:PDF},
  publisher = {Elsevier {BV}},
}

@Article{Benrejeb2016,
  author    = {Raouf Benrejeb and Olfa Helal and Bechir Chaouachi},
  title     = {Study of the effect of truncation on the optical and thermal performances of an {ICS} solar water heater system},
  journal   = {Solar Energy},
  year      = {2016},
  volume    = {132},
  pages     = {84--95},
  doi       = {10.1016/j.solener.2016.02.057},
  file      = {:C\:/Users/ferna/Google Drive/PhD/Research/Literature/Journals, Proceedings and Reviews/Solar Energy 3/Study of the effect of truncation on the optical and thermal performances of an ICS solar water heater system.pdf:PDF},
  publisher = {Elsevier {BV}},
}

@Article{Fraidenraich2008,
  author    = {Naum Fraidenraich and Chigueru Tiba and Br{\'{a}}ulio B. Brand{\~{a}}o and Olga C. Vilela},
  title     = {Analytic solutions for the geometric and optical properties of stationary compound parabolic concentrators with fully illuminated inverted V receiver},
  journal   = {Solar Energy},
  year      = {2008},
  volume    = {82},
  number    = {2},
  pages     = {132--143},
  doi       = {10.1016/j.solener.2007.06.012},
  file      = {:C\:/Users/ferna/Google Drive/PhD/Research/Literature/Journals, Proceedings and Reviews/Solar Energy 3/Analytic solutions for the geometric and optical properties of stationary compound parabolic concentrators with fully.pdf:PDF},
  publisher = {Elsevier {BV}},
}

@Article{Tsai2012,
  author    = {Chung-Yu Tsai and Psang Dain Lin},
  title     = {Optimized variable-focus-parabolic-trough reflector for solar thermal concentrator system},
  journal   = {Solar Energy},
  year      = {2012},
  volume    = {86},
  number    = {5},
  pages     = {1164--1172},
  doi       = {10.1016/j.solener.2012.01.009},
  file      = {:C\:/Users/ferna/Google Drive/PhD/Research/Literature/Journals, Proceedings and Reviews/Solar Energy 3/Optimized variable-focus-parabolic-trough reflector for solar thermal concentrator system.pdf:PDF},
  publisher = {Elsevier {BV}},
}

@Article{Wang2013,
  author    = {Fuqiang Wang and Riyi Lin and Bin Liu and Heping Tan and Yong Shuai},
  title     = {Optical efficiency analysis of cylindrical cavity receiver with bottom surface convex},
  journal   = {Solar Energy},
  year      = {2013},
  volume    = {90},
  pages     = {195--204},
  doi       = {10.1016/j.solener.2013.01.017},
  file      = {:C\:/Users/ferna/Google Drive/PhD/Research/Literature/Journals, Proceedings and Reviews/Solar Energy 3/Optical efficiency analysis of cylindrical cavity receiver with bottom surface convex.pdf:PDF},
  publisher = {Elsevier {BV}},
}

@Article{Li2013,
  author    = {Huairui Li and Weidong Huang and Farong Huang and Peng Hu and Zeshao Chen},
  title     = {Optical analysis and optimization of parabolic dish solar concentrator with a cavity receiver},
  journal   = {Solar Energy},
  year      = {2013},
  volume    = {92},
  pages     = {288--297},
  doi       = {10.1016/j.solener.2013.03.011},
  file      = {:C\:/Users/ferna/Google Drive/PhD/Research/Literature/Journals, Proceedings and Reviews/Solar Energy 3/Optical analysis and optimization of parabolic dish solar concentrator with a cavity receiver.pdf:PDF},
  publisher = {Elsevier {BV}},
}

@Article{Zhou2014,
  author    = {Zheng Zhou and Qiang Cheng and Pingping Li and Huaichun Zhou},
  title     = {Non-imaging concentrating reflectors designed for solar concentration systems},
  journal   = {Solar Energy},
  year      = {2014},
  volume    = {103},
  pages     = {494--501},
  doi       = {10.1016/j.solener.2014.03.001},
  file      = {:C\:/Users/ferna/Google Drive/PhD/Research/Literature/Journals, Proceedings and Reviews/Solar Energy 3/Non-imaging concentrating reflectors designed for solar concentration systems.pdf:PDF},
  publisher = {Elsevier {BV}},
}

@Article{Ustaoglu2016,
  author    = {Abid Ustaoglu and Mustafa Alptekin and Junnosuke Okajima and Shigenao Maruyama},
  title     = {Evaluation of uniformity of solar illumination on the receiver of compound parabolic concentrator ({CPC})},
  journal   = {Solar Energy},
  year      = {2016},
  volume    = {132},
  pages     = {150--164},
  doi       = {10.1016/j.solener.2016.03.014},
  file      = {:C\:/Users/ferna/Google Drive/PhD/Research/Literature/Journals, Proceedings and Reviews/Solar Energy 3/Evaluation of uniformity of solar illumination on the receiver of compound parabolic concentrator (CPC).pdf:PDF},
  publisher = {Elsevier {BV}},
}

@Article{Ratismith2017,
  author    = {Wattana Ratismith and Yann Favre and Maxime Canaff and John Briggs},
  title     = {A non-tracking concentrating collector for solar thermal applications},
  journal   = {Applied Energy},
  year      = {2017},
  volume    = {200},
  pages     = {39--46},
  doi       = {10.1016/j.apenergy.2017.05.044},
  file      = {:C\:/Users/ferna/Google Drive/PhD/Research/Literature/Journals, Proceedings and Reviews/Applied Energy/A non-tracking concentrating collector for solar thermal applications.pdf:PDF},
  publisher = {Elsevier {BV}},
}

@Article{Chemisana2013,
  author    = {D. Chemisana and J. Barrau and J.I. Rosell and B. Abdel-Mesih and M. Souliotis and F. Badia},
  title     = {Optical performance of solar reflective concentrators: A simple method for optical assessment},
  journal   = {Renewable Energy},
  year      = {2013},
  volume    = {57},
  pages     = {120--129},
  doi       = {10.1016/j.renene.2013.01.037},
  file      = {:C\:/Users/ferna/Google Drive/PhD/Research/Literature/Journals, Proceedings and Reviews/Renewable Energy/Optical performance of solar reflective concentrators A simple method for optical assessment.pdf:PDF},
  publisher = {Elsevier {BV}},
}

@Article{Zheng2011,
  author    = {Hongfei Zheng and Tao Tao and Jing Dai and Huifang Kang},
  title     = {Light tracing analysis of a new kind of trough solar concentrator},
  journal   = {Energy Conversion and Management},
  year      = {2011},
  volume    = {52},
  number    = {6},
  pages     = {2373--2377},
  doi       = {10.1016/j.enconman.2010.12.042},
  file      = {:C\:/Users/ferna/Google Drive/PhD/Research/Literature/Journals, Proceedings and Reviews/Energy Conversion and Management/Light tracing analysis of a new kind of trough solar concentrator.pdf:PDF},
  publisher = {Elsevier {BV}},
}

@Article{Ratismith2014,
  author    = {Wattana Ratismith and Anusorn Inthongkhum and John Briggs},
  title     = {Two non-tracking solar collectors: Design criteria and performance analysis},
  journal   = {Applied Energy},
  year      = {2014},
  volume    = {131},
  pages     = {201--210},
  doi       = {10.1016/j.apenergy.2014.06.030},
  file      = {:C\:/Users/ferna/Google Drive/PhD/Research/Literature/Journals, Proceedings and Reviews/Applied Energy/Two non-tracking solar collectors Design criteria and performance analysis.pdf:PDF},
  publisher = {Elsevier {BV}},
}

@Article{Daabo2016,
  author    = {Ahmed M. Daabo and Saad Mahmoud and Raya K. Al-Dadah},
  title     = {The optical efficiency of three different geometries of a small scale cavity receiver for concentrated solar applications},
  journal   = {Applied Energy},
  year      = {2016},
  volume    = {179},
  pages     = {1081--1096},
  doi       = {10.1016/j.apenergy.2016.07.064},
  file      = {:C\:/Users/ferna/Google Drive/PhD/Research/Literature/Journals, Proceedings and Reviews/Applied Energy/The optical efficiency of three different geometries of a small scale cavity receiver for concentrated solar applications.pdf:PDF},
  publisher = {Elsevier {BV}},
}

@Article{Qin2013,
  author    = {Hua Qin and Chengxin Lei and Hanfa Liu and Yong Wang and Wenfeng Yuan},
  title     = {Optical design of an aspherical cylinder-type reflecting solar concentrator},
  journal   = {Energy},
  year      = {2013},
  volume    = {57},
  pages     = {751--758},
  doi       = {10.1016/j.energy.2013.05.059},
  file      = {:C\:/Users/ferna/Google Drive/PhD/Research/Literature/Journals, Proceedings and Reviews/Energy/Optical design of an aspherical cylinder-type reflecting solar concentrator.pdf:PDF},
  publisher = {Elsevier {BV}},
}

@Article{Liang2016,
  author    = {Hongbo Liang and Shijun You and Huan Zhang},
  title     = {Comparison of three optical models and analysis of geometric parameters for parabolic trough solar collectors},
  journal   = {Energy},
  year      = {2016},
  volume    = {96},
  pages     = {37--47},
  doi       = {10.1016/j.energy.2015.12.050},
  file      = {:C\:/Users/ferna/Google Drive/PhD/Research/Literature/Journals, Proceedings and Reviews/Energy/Comparison of three optical models and analysis of geometric parameters for parabolic trough solar collectors.pdf:PDF},
  publisher = {Elsevier {BV}},
}

@Article{Souliotis2008,
  author    = {M. Souliotis and Y. Tripanagnostopoulos},
  title     = {Study of the distribution of the absorbed solar radiation on the performance of a {CPC}-type {ICS} water heater},
  journal   = {Renewable Energy},
  year      = {2008},
  volume    = {33},
  number    = {5},
  pages     = {846--858},
  doi       = {10.1016/j.renene.2007.05.042},
  file      = {:C\:/Users/ferna/Google Drive/PhD/Research/Literature/Journals, Proceedings and Reviews/Renewable Energy/Study of the distribution of the absorbed solar radiation on the performance of a CPC-type ICS water heater.pdf:PDF},
  publisher = {Elsevier {BV}},
}

@Article{Wei2013,
  author    = {Xiudong Wei and Zhenwu Lu and Weixing Yu and Wenbin Xu},
  title     = {Ray tracing and simulation for the beam-down solar concentrator},
  journal   = {Renewable Energy},
  year      = {2013},
  volume    = {50},
  pages     = {161--167},
  doi       = {10.1016/j.renene.2012.06.029},
  file      = {:C\:/Users/ferna/Google Drive/PhD/Research/Literature/Journals, Proceedings and Reviews/Renewable Energy/Ray tracing and simulation for the beam-down solar concentrator.pdf:PDF},
  publisher = {Elsevier {BV}},
}

@Article{Sallaberry2014,
  author    = {Fabienne Sallaberry and Ram{\'{o}}n Pujol-Nadal and V{\'{\i}}ctor Mart{\'{\i}}nez-Moll and Jos{\'{e}}-Luis Torres},
  title     = {Optical and thermal characterization procedure for a variable geometry concentrator: A standard approach},
  journal   = {Renewable Energy},
  year      = {2014},
  volume    = {68},
  pages     = {842--852},
  month     = {aug},
  doi       = {10.1016/j.renene.2014.02.040},
  file      = {:C\:/Users/ferna/Google Drive/PhD/Research/Literature/Journals, Proceedings and Reviews/Renewable Energy/Optical and thermal characterization procedure for a variable geometry concentrator A standard approach.pdf:PDF},
  publisher = {Elsevier {BV}},
}

@Article{Roux2016,
  author    = {W.G. Le Roux},
  title     = {Optimum tilt and azimuth angles for fixed solar collectors in South Africa using measured data},
  journal   = {Renewable Energy},
  year      = {2016},
  volume    = {96},
  pages     = {603--612},
  doi       = {10.1016/j.renene.2016.05.003},
  file      = {:C\:/Users/ferna/Google Drive/PhD/Research/Literature/Journals, Proceedings and Reviews/Renewable Energy/Optimum tilt and azimuth angles for fixed solar collectors in South Africa using measured data.pdf:PDF},
  publisher = {Elsevier {BV}},
}

@Article{Pierucci2014,
  author    = {G. Pierucci and D. Fontani and P. Sansoni and M. De Lucia},
  title     = {Shape Optimization for Parabolic Troughs Working in Non-ideal Conditions},
  journal   = {Energy Procedia},
  year      = {2014},
  volume    = {57},
  pages     = {2231--2240},
  doi       = {10.1016/j.egypro.2014.10.230},
  file      = {:C\:/Users/ferna/Google Drive/PhD/Research/Literature/Journals, Proceedings and Reviews/Energy Procedia/Shape Optimization For Parabolic Troughs Working In NonIdeal Conditions.pdf:PDF},
  publisher = {Elsevier {BV}},
}

@Article{Baig2014,
  author    = {Hasan Baig and Nazmi Sellami and Daniel Chemisana and Joan Rosell and Tapas K. Mallick},
  title     = {Performance analysis of a dielectric based 3D building integrated concentrating photovoltaic system},
  journal   = {Solar Energy},
  year      = {2014},
  volume    = {103},
  pages     = {525--540},
  doi       = {10.1016/j.solener.2014.03.002},
  file      = {:C\:/Users/ferna/Google Drive/PhD/Research/Literature/Journals, Proceedings and Reviews/Solar Energy 3/Performance analysis of a dielectric based 3D building.pdf:PDF},
  publisher = {Elsevier {BV}},
}

@Article{Sellami2012,
  author    = {Nazmi Sellami and Tapas K. Mallick and David A. McNeil},
  title     = {Optical characterisation of 3-D static solar concentrator},
  journal   = {Energy Conversion and Management},
  year      = {2012},
  volume    = {64},
  pages     = {579--586},
  doi       = {10.1016/j.enconman.2012.05.028},
  file      = {:C\:/Users/ferna/Google Drive/PhD/Research/Literature/Journals, Proceedings and Reviews/Energy Conversion and Management/Optical characterisation of 3-D static solar concentrator.pdf:PDF},
  publisher = {Elsevier {BV}},
}

@Article{Abu-Bakar2014,
  author    = {Siti Hawa Abu-Bakar and Firdaus Muhammad-Sukki and Roberto Ramirez-Iniguez and Tapas Kumar Mallick and Abu Bakar Munir and Siti Hajar Mohd Yasin and Ruzairi Abdul Rahim},
  title     = {Rotationally asymmetrical compound parabolic concentrator for concentrating photovoltaic applications},
  journal   = {Applied Energy},
  year      = {2014},
  volume    = {136},
  pages     = {363--372},
  doi       = {10.1016/j.apenergy.2014.09.053},
  file      = {:C\:/Users/ferna/Google Drive/PhD/Research/Literature/Journals, Proceedings and Reviews/Applied Energy/Rotationally asymmetrical compound parabolic concentrator.pdf:PDF},
  publisher = {Elsevier {BV}},
}

@Article{Baig2018,
  author    = {Hasan Baig and J. Siviter and W. Li and M.C. Paul and A. Montecucco and M.H. Rolley and T.K.N. Sweet and M. Gao and P.A. Mullen and E.F. Fernandez and G. Han and D.H. Gregory and A.R. Knox and Tapas Mallick},
  title     = {Conceptual design and performance evaluation of a hybrid concentrating photovoltaic system in preparation for energy},
  journal   = {Energy},
  year      = {2018},
  volume    = {147},
  pages     = {547--560},
  doi       = {10.1016/j.energy.2017.12.127},
  file      = {:C\:/Users/ferna/Google Drive/PhD/Research/Literature/Journals, Proceedings and Reviews/Energy/Conceptual design and performance evaluation of a hybrid.pdf:PDF},
  publisher = {Elsevier {BV}},
}

@Article{Nydal2014,
  author    = {Ole J{\o}rgen Nydal},
  title     = {Ray Tracing for Optimization of a Double Reflector System for Direct Illumination of a Heat Storage},
  journal   = {Energy Procedia},
  year      = {2014},
  volume    = {57},
  pages     = {2211--2220},
  doi       = {10.1016/j.egypro.2014.10.188},
  file      = {:C\:/Users/ferna/Google Drive/PhD/Research/Literature/Journals, Proceedings and Reviews/Energy Procedia/Ray tracing for optimization of a double reflector system for direct illumination of a heat storage.pdf:PDF},
  publisher = {Elsevier {BV}},
}

@TechReport{Wendelin2013,
  author      = {Tim Wendelin and Aron Dobos and Allan Lewandowski},
  title       = {SolTrace: A Ray-Tracing Code for Complex Solar Optical Systems},
  institution = {National Renewable Energy Laboratory},
  year        = {2013},
  doi         = {10.2172/1260924},
  file        = {:C\:/Users/ferna/Google Drive/PhD/Research/Literature/Journals, Proceedings and Reviews/General Journals/SolTrace A Ray-Tracing Code for Complex Solar Optical Systems.pdf:PDF},
  publisher   = {Office of Scientific and Technical Information ({OSTI})},
}

@Article{Antonelli2016,
  author    = {M. Antonelli and M. Francesconi and P. Di Marco and U. Desideri},
  title     = {Analysis of heat transfer in different {CPC} solar collectors: A {CFD} approach},
  journal   = {Applied Thermal Engineering},
  year      = {2016},
  volume    = {101},
  pages     = {479--489},
  doi       = {10.1016/j.applthermaleng.2015.12.033},
  file      = {:C\:/Users/ferna/Google Drive/PhD/Research/Literature/Journals, Proceedings and Reviews/Applied Thermal Engineering/Analysis of heat transfer in different CPC solar collectors.pdf:PDF},
  publisher = {Elsevier {BV}},
}

@Article{Hsieh1981,
  author    = {C.K. Hsieh},
  title     = {Thermal analysis of {CPC} collectors},
  journal   = {Solar Energy},
  year      = {1981},
  volume    = {27},
  number    = {1},
  pages     = {19--29},
  doi       = {10.1016/0038-092x(81)90016-5},
  file      = {:C\:/Users/ferna/Google Drive/PhD/Research/Literature/Journals, Proceedings and Reviews/Solar Energy 3/THERMAL ANALYSIS OF CPC COLLECTORS.pdf:PDF},
  publisher = {Elsevier {BV}},
}

@Article{Kienzlen1988,
  author    = {V. Kienzlen and J. M. Gordon and J. F. Kreider},
  title     = {The Reverse Flat Plate Collector: A Stationary, Nonevacuated, Low-Technology, Medium-Temperature Solar Collector},
  journal   = {Journal of Solar Energy Engineering},
  year      = {1988},
  volume    = {110},
  number    = {1},
  pages     = {23},
  doi       = {10.1115/1.3268232},
  file      = {:C\:/Users/ferna/Google Drive/PhD/Research/Literature/Journals, Proceedings and Reviews/General Journals/The Reverse Flat Plate Collector A Stationary, Nonevacuated, Low-Technology, Medium Temperature Solar Collector.pdf:PDF},
  publisher = {{ASME} International},
}

@Article{Smyth1999,
  author    = {M. Smyth and A. Zacharopoulos and P.C. Eames and B. Norton},
  title     = {An experimental procedure to determine solar energy flux distributions on the absorber of line-axis compound parabolic concentrators},
  journal   = {Renewable Energy},
  year      = {1999},
  volume    = {16},
  number    = {1-4},
  pages     = {761--764},
  doi       = {10.1016/s0960-1481(98)00274-2},
  file      = {:C\:/Users/ferna/Google Drive/PhD/Research/Literature/Journals, Proceedings and Reviews/Renewable Energy/AN EXPERIMENTAL PROCEDURE TO DETERMINE SOLAR ENERGY FLUX.pdf:PDF},
  publisher = {Elsevier {BV}},
}

@Article{Meng2013,
  author    = {Xianlong Meng and Xinlin Xia and Chuang Sun and Guilong Dai},
  title     = {Optimal design of symmetrical two-stage flat reflected concentrator},
  journal   = {Solar Energy},
  year      = {2013},
  volume    = {93},
  pages     = {334--344},
  doi       = {10.1016/j.solener.2013.04.020},
  file      = {:C\:/Users/ferna/Google Drive/PhD/Research/Literature/Journals, Proceedings and Reviews/Solar Energy 3/Optimal design of symmetrical two-stage flat reflected concentrator.pdf:PDF},
  publisher = {Elsevier {BV}},
}

@Article{Hongn2015,
  author    = {Marcos Hongn and Silvana Flores Larsen and Marcelo Gea and Mart{\'{\i}}n Altamirano},
  title     = {Least square based method for the estimation of the optical end loss of linear Fresnel concentrators},
  journal   = {Solar Energy},
  year      = {2015},
  volume    = {111},
  pages     = {264--276},
  doi       = {10.1016/j.solener.2014.10.042},
  file      = {:C\:/Users/ferna/Google Drive/PhD/Research/Literature/Journals, Proceedings and Reviews/Solar Energy 3/Least square based method for the estimation of the optical end loss.pdf:PDF},
  publisher = {Elsevier {BV}},
}

@Article{Zheng2016a,
  author    = {Wandong Zheng and Lin Yang and Huan Zhang and Shijun You and Chunguang Zhu},
  title     = {Numerical and experimental investigation on a new type of compound parabolic concentrator solar collector},
  journal   = {Energy Conversion and Management},
  year      = {2016},
  volume    = {129},
  pages     = {11--22},
  doi       = {10.1016/j.enconman.2016.10.013},
  file      = {:C\:/Users/ferna/Google Drive/PhD/Research/Literature/Journals, Proceedings and Reviews/Energy Conversion and Management/Numerical and experimental investigation on a new type of compound.pdf:PDF},
  publisher = {Elsevier {BV}},
}

@Article{Pujol-Nadal2015,
  author    = {Ramon Pujol-Nadal and V{\'{\i}}ctor Mart{\'{\i}}nez-Moll and Fabienne Sallaberry and Andreu Moi{\`{a}}-Pol},
  title     = {Optical and thermal characterization of a variable geometry concentrator using ray-tracing tools and experimental data},
  journal   = {Applied Energy},
  year      = {2015},
  volume    = {155},
  pages     = {110--119},
  doi       = {10.1016/j.apenergy.2015.06.005},
  file      = {:C\:/Users/ferna/Google Drive/PhD/Research/Literature/Journals, Proceedings and Reviews/Applied Energy/Optical and thermal characterization of a variable geometry concentrator using ray-tracing tools and experimental data.pdf:PDF},
  publisher = {Elsevier {BV}},
}

@Article{Daabo2016a,
  author    = {Ahmed M. Daabo and Saad Mahmoud and Raya K. Al-Dadah},
  title     = {The effect of receiver geometry on the optical performance of a small-scale solar cavity receiver for parabolic dish applications},
  journal   = {Energy},
  year      = {2016},
  volume    = {114},
  pages     = {513--525},
  doi       = {10.1016/j.energy.2016.08.025},
  file      = {:C\:/Users/ferna/Google Drive/PhD/Research/Literature/Journals, Proceedings and Reviews/Energy/The effect of receiver geometry on the optical performance of a smallscale solar cavity receiver for parabolic dish applications.pdf:PDF},
  publisher = {Elsevier {BV}},
}

@Article{Devanarayanan2014,
  author    = {K. Devanarayanan and K. Kalidasa Murugavel},
  title     = {Integrated collector storage solar water heater with compound parabolic concentrator {\textendash} development and progress},
  journal   = {Renewable and Sustainable Energy Reviews},
  year      = {2014},
  volume    = {39},
  pages     = {51--64},
  doi       = {10.1016/j.rser.2014.07.076},
  file      = {:C\:/Users/ferna/Google Drive/PhD/Research/Literature/Journals, Proceedings and Reviews/Renewable and Sustainable Energy Reviews/Integrated collector storage solar water heater with compound.pdf:PDF},
  publisher = {Elsevier {BV}},
}

@Conference{Joven2012,
  author    = {Ronald Joven},
  title     = {Thermal properties of carbon fiber/epoxy composites with different fabric weaves},
  booktitle = {SAMPE International Symposium},
  year      = {2012},
  file      = {:C\:/Users/ferna/Google Drive/PhD/Research/Literature/Journals, Proceedings and Reviews/General Journals/Carbonfibre properties.pdf:PDF},
}

@Online{ClearwaterComposites2016,
  author  = {{Clearwater Composites LLC}},
  title   = {Properties of Carbon Fiber},
  url     = {https:/www.clearwatercomposites.com/resources/properties-of-carbon-fiber},
  address = {Duluth, Minnesota (USA)},
  year    = {2016},
}

@Online{Alanod2016,
  author  = {Alanod},
  title   = {MIRO-SUN},
  year    = {2016},
  url     = {https://www.alanod.com/en/reflection/miro-sun/},
  address = {Germany},
}

@Online{FirstGlass2016,
  author = {{First Glass Ltd}},
  title  = {Toughened Glass},
  url    = {http://www.firstglass.ie/products_toughened_glass.html},
  year   = {2016},
}

@Article{Tiba2011,
  author    = {Chigueru T{\'{\i}}ba and Naum Fraidenraich},
  title     = {Optical and thermal optimization of stationary non-evacuated {CPC} solar concentrator with fully illuminated wedge receivers},
  journal   = {Renewable Energy},
  year      = {2011},
  volume    = {36},
  number    = {9},
  pages     = {2547--2553},
  doi       = {10.1016/j.renene.2011.02.007},
  file      = {:C\:/Users/ferna/Google Drive/PhD/Research/Literature/Journals, Proceedings and Reviews/Renewable Energy/Optical and thermal optimization of stationary non-evacuated CPC solar concentrator with fully illuminated wedge receivers.pdf:PDF},
  publisher = {Elsevier {BV}},
}

@Article{Shanazari2018,
  author    = {Ebrahim Shanazari and Rasool Kalbasi},
  title     = {Improving performance of an inverted absorber multi-effect solar still by applying exergy analysis},
  journal   = {Applied Thermal Engineering},
  year      = {2018},
  volume    = {143},
  pages     = {1--10},
  doi       = {10.1016/j.applthermaleng.2018.07.021},
  file      = {:C\:/Users/ferna/Google Drive/PhD/Research/Literature/Journals, Proceedings and Reviews/Applied Thermal Engineering/Improving performance of an inverted absorber multi-effect solar still by applying exergy analysis.pdf:PDF},
  publisher = {Elsevier {BV}},
}

@Article{Tiwari1998,
  author    = {G.N. Tiwari and Sangeeta Suneja},
  title     = {Performance evaluation of an inverted absorber solar still},
  journal   = {Energy Conversion and Management},
  year      = {1998},
  volume    = {39},
  number    = {3-4},
  pages     = {173--180},
  doi       = {10.1016/s0196-8904(96)00227-0},
  file      = {:C\:/Users/ferna/Google Drive/PhD/Research/Literature/Journals, Proceedings and Reviews/Energy Conversion and Management/PERFORMANCE EVALUATION OF AN INVERTED ABSORBER SOLAR STILL.pdf:PDF},
  publisher = {Elsevier {BV}},
}

@Article{Suneja1999,
  author    = {Sangeeta Suneja and G.N Tiwari},
  title     = {Parametric study of an inverted absorber triple effect solar still},
  journal   = {Energy Conversion and Management},
  year      = {1999},
  volume    = {40},
  number    = {17},
  pages     = {1871--1884},
  doi       = {10.1016/s0196-8904(99)00048-5},
  file      = {:C\:/Users/ferna/Google Drive/PhD/Research/Literature/Journals, Proceedings and Reviews/Energy Conversion and Management/Parametric study of an inverted absorber triple effect solar still.pdf:PDF},
  publisher = {Elsevier {BV}},
}

@Article{Suneja1999a,
  author    = {Sangeeta Suneja and G.N Tiwari},
  title     = {Effect of water depth on the performance of an inverted absorber double basin solar still},
  journal   = {Energy Conversion and Management},
  year      = {1999},
  volume    = {40},
  number    = {17},
  pages     = {1885--1897},
  doi       = {10.1016/s0196-8904(99)00047-3},
  file      = {:C\:/Users/ferna/Google Drive/PhD/Research/Literature/Journals, Proceedings and Reviews/Energy Conversion and Management/Effect of water depth on the performance of an inverted absorber double basin solar still.pdf:PDF},
  publisher = {Elsevier {BV}},
}

@Online{Devices2018,
  author = {{Delta-T Devices}},
  title  = {DL2e Data Logger},
  url    = {https://www.delta-t.co.uk/product/dl2e/},
  year   = {2018},
}

@Article{Winston1974,
  author    = {Roland Winston},
  title     = {Principles of solar concentrators of a novel design},
  journal   = {Solar Energy},
  year      = {1974},
  volume    = {16},
  number    = {2},
  pages     = {89--95},
  doi       = {10.1016/0038-092x(74)90004-8},
  publisher = {Elsevier {BV}},
}

@Article{Jaaz2017,
  author    = {Ahed Hameed Jaaz and Husam Abdulrasool Hasan and Kamaruzzaman Sopian and Mohd Hafidz Bin Haji Ruslan and Saleem Hussain Zaidi},
  title     = {Design and development of compound parabolic concentrating for photovoltaic solar collector: Review},
  journal   = {Renewable and Sustainable Energy Reviews},
  year      = {2017},
  volume    = {76},
  pages     = {1108--1121},
  doi       = {10.1016/j.rser.2017.03.127},
  publisher = {Elsevier {BV}},
}

@Article{Tian2018,
  author    = {Meng Tian and Yuehong Su and Hongfei Zheng and Gang Pei and Guiqiang Li and Saffa Riffat},
  title     = {A review on the recent research progress in the compound parabolic concentrator ({CPC}) for solar energy applications},
  journal   = {Renewable and Sustainable Energy Reviews},
  year      = {2018},
  volume    = {82},
  pages     = {1272--1296},
  doi       = {10.1016/j.rser.2017.09.050},
  publisher = {Elsevier {BV}},
}

@Article{McIntire1979,
  author    = {McIntire, W. R.},
  title     = {Truncation of nonimaging cusp concentrators},
  journal   = {Solar Energy},
  year      = {1979},
  volume    = {23},
  number    = {4},
  pages     = {351--355},
  doi       = {10.1016/0038-092x(79)90130-0},
  publisher = {Elsevier {BV}},
}

@Article{Heimsath2014,
  author    = {A. Heimsath and G. Bern and D. van Rooyen and P. Nitz},
  title     = {Quantifying Optical Loss Factors of Small Linear Concentrating Collectors for Process Heat Application},
  journal   = {Energy Procedia},
  year      = {2014},
  volume    = {48},
  pages     = {77--86},
  doi       = {10.1016/j.egypro.2014.02.010},
  publisher = {Elsevier {BV}},
}

@Article{Francesconi2018,
  author    = {Marco Francesconi and Marco Antonelli},
  title     = {A {CFD} analysis to investigate thermal losses in a panel composed of several {CPC} concentrators},
  journal   = {Thermal Science and Engineering Progress},
  year      = {2018},
  volume    = {5},
  pages     = {278--288},
  doi       = {10.1016/j.tsep.2017.12.005},
  publisher = {Elsevier {BV}},
}

@Article{Yoshioka1999,
  author    = {K. Yoshioka and A. Suzuki and T. Saitoh},
  title     = {Performance evaluation of two-dimensional compound elliptic lens concentrators using a yearly distributed insolation model},
  journal   = {Solar Energy Materials and Solar Cells},
  year      = {1999},
  volume    = {57},
  number    = {1},
  pages     = {9--19},
  doi       = {10.1016/s0927-0248(98)00161-5},
  publisher = {Elsevier {BV}},
}

@Online{MetEireann2018,
  author = {{Met Eireann}},
  title  = {Historical Data},
  url    = {https://www.met.ie/climate/available-data/historical-data},
  year   = {2018},
}

@Book{Rabl1985,
  author    = {Rabl, Ari},
  title     = {Active Solar Collectors and Their Applications},
  year      = {1985},
  publisher = {Oxford University Press},
  isbn      = {0195035461},
  pagetotal = {518},
  ean       = {9780195035469},
}

@InProceedings{Banks1987,
  author    = {J. Banks and J. S. Carson},
  title     = {Applying the simulation process},
  booktitle = {Proceedings of the 19$^{th}$ Conference on Winter Simulation},
  year      = {1987},
  publisher = {{ACM} Press},
  doi       = {10.1145/318371.318386},
}

@Online{EasyComposites2017,
  author = {{Easy Composites}},
  title  = {Carbon Fibre Plain Weave 3k 210g 1m Wide},
  url    = {https://www.easycomposites.co.uk/#!/fabric-and-reinforcement/carbon-fibre-reinforcement/woven-carbon-cloth-under-400gsm/plain-weave-200gsm-3k.html},
  year   = {2017},
}

@article{Gawlik2005,
author = {Gawlik, K. and Christensen, C. and Kutscher, C.},
doi = {10.1115/1.1823494},
journal = {Journal of Solar Energy Engineering},
number = {1},
pages = {153-155},
title = {{A Numerical and Experimental Investigation of Low-conductivity Unglazed, Transpired Solar Air Heaters}},
volume = {127},
year = {2005}
}

@article{Tourlonias2016,
author = {Tourlonias, Michel and Bueno, Marie-Ange},
doi = {10.1016/j.compositesa.2015.07.024},
journal = {Composites Part A: Applied Science and Manufacturing},
pages = {228--236},
title = {{Experimental simulation of friction and wear of carbon yarns during the weaving process}},
volume = {80},
year = {2016}
}

@article{El-Sebaii2010,
author = {El-Sebaii, A.A. and Al-Snani, H.},
doi = {10.1016/j.energy.2009.12.037},
journal = {Energy},
number = {4},
pages = {1820--1828},
title = {{Effect of selective coating on thermal performance of flat plate solar air heaters}},
volume = {35},
year = {2010}
}

@InProceedings{Pu2011,
  author    = {Pu, Shaoxuan and Xia, Chaofeng},
  title     = {End-Effect of Linear Fresnel Collectors},
  booktitle = {Asia-Pacific Power and Energy Engineering Conference},
  year      = {2011},
  publisher = {IEEE},
  doi       = {10.1109/APPEEC.2011.5748793},
}

@article{Yadav2013,
author = {Yadav, Anil Singh and Bhagoria, J.L.},
doi = {10.1016/j.rser.2013.02.035},
journal = {Renewable and Sustainable Energy Reviews},
pages = {60--79},
title = {{Heat transfer and fluid flow analysis of solar air heater: A review of CFD approach}},
volume = {23},
year = {2013}
}

@Misc{Christensen1997,
	author       = {Christensen, C B and Kutscher, C F and Gawlik, K M},
	howpublished = {U. S. Patent No. 5,692,491, Application No. 639,852},
	title        = {Unglazed transpired solar collector having a low thermal conductance absorber},
	year         = {1997},
}

@Online{SolarTribune2011,
  author = {{Solar Tribune}},
  date   = {2011},
  title  = {Solar Air Collectors},
  url    = {https://solartribune.com/solar-hot-air-panels/},
}

@Article{Arulanandam1999,
  author          = {Arulanandam, S.J. and Hollands, K.G.Terry and Brundrett, E.},
  journaltitle    = {Solar Energy},
  title           = {{A CFD heat transfer analysis of the transpired solar collector under no-wind conditions}},
  doi             = {10.1016/S0038-092X(00)00042-6},
  number          = {1-3},
  pages           = {93--100},
  volume          = {67},
  file            = {:C$\backslash$:/Users/ferna/Google Drive/PhD/Research/Literature Review/Journals, Proceedings and Reviews/Solar Energy 1/A CFD heat transfer analysis of the transpired solar collector under no wind conditions.pdf:pdf},
  mendeley-groups = {CFD Simulation},
  publisher       = {Elsevier {BV}},
  year            = {1999},
}

@Article{Gawlik2002,
  author    = {Keith M. Gawlik and Charles F. Kutscher},
  date      = {2002-08},
  title     = {Wind Heat Loss From Corrugated, Transpired Solar Collectors},
  doi       = {https://doi.org/10.1115/1.1487886},
  number    = {3},
  pages     = {256--261},
  volume    = {124},
  publisher = {{ASME} International},
}

@Article{Pottler1999,
  author       = {K. Pottler and C.M. Sippel and A. Beck and J. Fricke},
  date         = {1999-07},
  journaltitle = {Solar Energy},
  title        = {Optimized finned absorber geometries for solar air heating collectors},
  doi          = {10.1016/S0038-092X(00)00036-0},
  number       = {1-3},
  pages        = {35--52},
  volume       = {67},
  publisher    = {Elsevier {BV}},
}

@Article{Saxena2015a,
  author       = {Abhishek Saxena and Varun and A.A. El-Sebaii},
  date         = {2015},
  journaltitle = {Renewable and Sustainable Energy Reviews},
  title        = {A thermodynamic review of solar air heaters},
  doi          = {10.1016/j.rser.2014.11.059},
  pages        = {863--890},
  volume       = {43},
  publisher    = {Elsevier {BV}},
}

@Article{Michalopoulos1994,
  author       = {D. Michalopoulos and G. Massouros},
  date         = {1994-08},
  journaltitle = {Energy},
  title        = {The effect of glazing on solar collectors},
  doi          = {10.1016/0360-5442(94)90044-2},
  number       = {8},
  pages        = {911--918},
  volume       = {19},
  publisher    = {Elsevier {BV}},
}

@Article{Yousef2008,
  author       = {B.A.A. Yousef and N.M. Adam},
  date         = {2008},
  journaltitle = {Journal of Energy in Southern Africa},
  title        = {Performance analysis for flat plate collector with and without porous media},
  doi          = {10.17159/2413-3051/2008/v19i4a3336},
  number       = {4},
  pages        = {32--42},
  volume       = {19},
  publisher    = {Academy of Science of South Africa},
}

@Article{Badache2014,
  author       = {Messaoud Badache and St{\'{e}}phane Hall{\'{e}} and Daniel R. Rousse and Guillermo Quesada and Yvan Dutil},
  date         = {2014},
  journaltitle = {Energy and Buildings},
  title        = {An experimental investigation of a two-dimensional prototype of a transparent transpired collector},
  doi          = {10.1016/j.enbuild.2013.09.010},
  pages        = {232--241},
  volume       = {68},
  publisher    = {Elsevier {BV}},
}

@Article{Hegazy1999,
  author       = {Adel A Hegazy},
  date         = {1999},
  journaltitle = {Energy Conversion and Management},
  title        = {Optimum channel geometry for solar air heaters of conventional design and constant flow operation},
  doi          = {10.1016/S0196-8904(98)00107-1},
  number       = {7},
  pages        = {757--774},
  volume       = {40},
  publisher    = {Elsevier {BV}},
}

@Article{ElSebaii2011,
  author       = {A.A. El-Sebaii and S. Aboul-Enein and M.R.I. Ramadan and S.M. Shalaby and B.M. Moharram},
  date         = {2011},
  journaltitle = {Energy},
  title        = {Investigation of thermal performance of-double pass-flat and v-corrugated plate solar air heaters},
  doi          = {10.1016/j.energy.2010.11.042},
  number       = {2},
  pages        = {1076--1086},
  volume       = {36},
  publisher    = {Elsevier {BV}},
}

@Article{Evangelisti2019,
  author       = {Luca Evangelisti and Roberto De Lieto Vollaro and Francesco Asdrubali},
  date         = {2019},
  journaltitle = {Renewable and Sustainable Energy Reviews},
  title        = {Latest advances on solar thermal collectors: A comprehensive review},
  doi          = {10.1016/j.rser.2019.109318},
  pages        = {109318},
  volume       = {114},
  publisher    = {Elsevier {BV}},
}

@Article{Rabl1980,
  author       = {A. Rabl and J. O'Gallagher and R. Winston},
  date         = {1980},
  journaltitle = {Solar Energy},
  title        = {Design and test of non-evacuated solar collectors with compound parabolic concentrators},
  doi          = {10.1016/0038-092X(80)90346-1},
  number       = {4},
  pages        = {335--351},
  volume       = {25},
  publisher    = {Elsevier {BV}},
}

@Article{Diaz2008,
  author       = {Gerardo Diaz and Roland Winston},
  date         = {2008},
  journaltitle = {Numerical Heat Transfer, Part A: Applications},
  title        = {Effect of Surface Radiation on Natural Convection in Parabolic Enclosures},
  doi          = {10.1080/10407780701789518},
  number       = {9},
  pages        = {891--906},
  volume       = {53},
  publisher    = {Informa {UK} Limited},
}

@Article{AbdelKhalik1978,
  author       = {S. I. Abdel-Khalik and H.-W. Li and K. R. Randall},
  date         = {1978},
  journaltitle = {Journal of Heat Transfer},
  title        = {Natural Convection In Compound Parabolic Concentrators -- A Finite-Element Solution},
  doi          = {10.1115/1.3450781},
  number       = {2},
  pages        = {199--204},
  volume       = {100},
  publisher    = {{ASME} International},
}

@Article{Wall2012,
  author       = {Maria Wall and Maria Cristina Munari Probst and Christian Roecker and Marie-Claude Dubois and Miljana Horvat and Olaf Bruun J{\o}rgensen and Karin Kappel},
  date         = {2012},
  journaltitle = {Energy Procedia},
  title        = {Achieving Solar Energy in Architecture-{IEA} {SHC} Task 41},
  doi          = {10.1016/j.egypro.2012.11.138},
  pages        = {1250--1260},
  volume       = {30},
  publisher    = {Elsevier {BV}},
}

@TechReport{ESTTP2009,
  author      = {{European Solar Thermal Technology Platform}},
  date        = {2009},
  institution = {{European Technology and Innovation Platform on Renewable Heating and Cooling}},
  title       = {Solar Heating and Cooling for a Sustainable Energy Future in Europe},
  url         = {https://www.rhc-platform.org/content/uploads/2019/05/ESTTP_SRA_RevisedVersion.pdf},
}

@InProceedings{COSTOffice2015,
  author    = {{COST Office}},
  booktitle = {Proceedings of COST Action TU1205 Symposium},
  date      = {2015},
  title     = {Building Integration of Solar Thermal Systems},
  editor    = {Soteris A. Kalogirou},
  isbn      = {978-9963-697-17-5},
}

@Article{Pranesh2019,
  author       = {V. Pranesh and R. Velraj and S. Christopher and V. Kumaresan},
  date         = {2019},
  journaltitle = {Solar Energy},
  title        = {A 50 year review of basic and applied research in compound parabolic concentrating solar thermal collector for domestic and industrial applications},
  doi          = {10.1016/j.solener.2019.04.056},
  pages        = {293--340},
  volume       = {187},
  publisher    = {Elsevier {BV}},
}

@Article{Xu2014,
  author       = {Chengmu Xu and Zhiping Chen and Ming Li and Peng Zhang and Xu Ji and Xi Luo and Jiangtao Liu},
  date         = {2014-02},
  journaltitle = {Applied Energy},
  title        = {Research on the compensation of the end loss effect for parabolic trough solar collectors},
  doi          = {10.1016/j.apenergy.2013.11.003},
  pages        = {128--139},
  volume       = {115},
  publisher    = {Elsevier {BV}},
}

@Article{Fanney1981,
  author       = {A. H. Fanney and W. C. Thomas},
  date         = {1981},
  journaltitle = {Journal of Solar Energy Engineering},
  title        = {Simulation of Thermal Performance of Solar Collector Arrays},
  doi          = {10.1115/1.3266249},
  number       = {3},
  pages        = {258--267},
  volume       = {103},
  publisher    = {{ASME} International},
}

@Article{Oonk1979,
  author       = {Rodney L. Oonk and Dennis E. Jones and Bruce E. Cole-Appel},
  date         = {1979},
  journaltitle = {Solar Energy},
  title        = {Calculation of performance of N collectors in series from test data on a single collector},
  doi          = {10.1016/0038-092X(79)90079-3},
  number       = {6},
  pages        = {535--536},
  volume       = {23},
  publisher    = {Elsevier {BV}},
}

@Book{Hastings2000,
  date    = {2000},
  title   = {Solar Air Systems: A Design Handbook},
  edition = {1},
  editor  = {Hastings, Robert; Morck, Ove},
}

@WWW{DAERA2022,
  author = {DAERA},
  date   = {2022-08-11},
  title  = {Planning for Grain Storage},
  url    = {https://www.daera-ni.gov.uk/news/planning-grain-storage},
}

@WWW{GOVUK2022,
  author = {GOV-UK},
  date   = {2022-07-28},
  title  = {Digest of UK Energy Statistics (DUKES): calorific values and density of fuels},
  url    = {https://www.gov.uk/government/statistics/dukes-calorific-values},
}

@WWW{Syngenta2020,
  author = {Syngenta},
  date   = {2020-07-02},
  title  = {Drying malt barley for acceptance},
  url    = {https://www.syngenta.ca/agronomy/drying-malt-barley},
}

@Article{Cenkowski1992,
  author       = {S. Cenkowski; D. S. Jayas and D. Hao},
  date         = {1992},
  journaltitle = {Canadian Agricultural Engineering},
  title        = {Latent heat of vaporization for selectedfoods and crops},
  number       = {3},
  url          = {http://www.csbe-scgab.ca/docs/journal/34/34_3_281_ocr.pdf},
  volume       = {34},
}

@Article{Albini2018,
  author       = {Geisa Albini; F{\'{a}}bio Bentes Freire and Jos{\'{e}} Teixeira Freire},
  date         = {2018},
  journaltitle = {Chemical Engineering and Processing - Process Intensification},
  title        = {Barley: Effect of airflow reversal on fixed bed drying},
  doi          = {10.1016/j.cep.2018.11.001},
  pages        = {97--104},
  volume       = {134},
  publisher    = {Elsevier {BV}},
}



@Article{Markowski2010,
  author       = {Marek Markowski and Ireneusz Bia{\l}obrzewski and Agnieszka Modrzewska},
  date         = {2010},
  journaltitle = {Journal of Food Engineering},
  title        = {Kinetics of spouted-bed drying of barley: Diffusivities for sphere and ellipsoid},
  doi          = {10.1016/j.jfoodeng.2009.08.011},
  number       = {3},
  pages        = {380--387},
  volume       = {96},
  publisher    = {Elsevier {BV}},
}

@Article{Soares2016,
  author       = {Maiara Aparecida Bomfim Soares and Luiz Mario de Matos Jorge and Fl{\'{a}}via Daiana Montanuci},
  date         = {2016},
  journaltitle = {Food Science and Technology},
  title        = {Drying kinetics of barley grains and effects on the germination index},
  doi          = {10.1590/1678-457X.11916},
  number       = {4},
  pages        = {638--645},
  volume       = {36},
}

@Book{McCabe1993,
  author    = {W. L. McCabe and J. C. Smith and P. Harriott},
  date      = {1993},
  title     = {Unit operations of chemical engineering},
  isbn      = {0070448442},
  pages     = {1130},
  publisher = {McGraw-Hill},
}

@Book{Bala2017,
  author    = {B. K. Bala},
  date      = {2017},
  title     = {Drying and Storage of Cereal Grains},
  doi       = {10.1002/9781119124207},
  edition   = {2},
  isbn      = {9781119124238},
  publisher = {John Wiley and Sons Ltd.},
}

@WWW{Embrapa2021,
  author   = {Embrapa},
  date     = {2021-12-20},
  editor   = {Paulo Roberto Valle da Silva Pereira and Euclydes Minella},
  title    = {Cevada},
  url      = {https://www.embrapa.br/agencia-de-informacao-tecnologica/cultivos/cevada/pos-producao/secagem},
  subtitle = {Secagem},
}

@WWW{Time2018,
  author = {Time and Date},
  date   = {2018-05-02},
  editor = {Konstantin Bikos},
  title  = {Sun calculator},
  url    = {https://www.timeanddate.com/sun/ireland/dublin},
}

@WWW{SunCalc2018,
  author = {SunCalc},
  date   = {2018-05-02},
  editor = {Torsten Hoffmann},
  title  = {Computation path of the Sun},
  url    = {https://www.suncalc.org/#/53.3621,-6.2779,5/},
}

@Comment{jabref-meta: databaseType:biblatex;}
